batchnumber,orderdate,orderid,productcode,productname,quantity,productprice,productweight,pulldate,dummyfield
"1298","20090105","3641","C118-1LB","No Product Name","2","10.95","1","4/14/2009 7:16:44 AM","x"
"1298","20090105","3641","C116-1LB","No Product Name","2","10.45","1","4/14/2009 7:16:44 AM","x"
"1298","20090105","3641","C139-1LB","No Product Name","2","10.95","1","4/14/2009 7:16:44 AM","x"
"1298","20090105","3643","C116-1LB","No Product Name","6","10.45","1","4/14/2009 7:16:44 AM","x"
"1298","20090105","3644","C139-5LB","No Product Name","1","49.95","5","4/14/2009 7:16:44 AM","x"
"1298","20090105","3644","C171-1LB","No Product Name","1","11.25","1","4/14/2009 7:16:44 AM","x"
"1298","20090105","3645","C137-2LB","No Product Name","1","20.95","2","4/14/2009 7:16:44 AM","x"
"1298","20090106","3647","C182-1LB","No Product Name","1","10.95","1","4/14/2009 7:16:44 AM","x"
"1298","20090106","3647","C162-1LB","No Product Name","1","10.95","1","4/14/2009 7:16:44 AM","x"
"1298","20090106","3647","C179-1LB","No Product Name","1","10.95","1","4/14/2009 7:16:44 AM","x"
"1298","20090106","3647","C153-1LB","No Product Name","1","10.95","1","4/14/2009 7:16:44 AM","x"
"1298","20090106","3648","C136-2LB","No Product Name","1","20.95","2","4/14/2009 7:16:44 AM","x"
"1299","20090106","3649","C127-1LB","No Product Name","1","10.95","1","4/14/2009 7:16:44 AM","x"
"1299","20090106","3649","C125-2LB","No Product Name","1","20.95","2","4/14/2009 7:16:44 AM","x"
"1299","20090106","3649","C139-1LB","No Product Name","1","10.95","1","4/14/2009 7:16:44 AM","x"
"1299","20090106","3649","C153-2LB","No Product Name","1","20.95","2","4/14/2009 7:16:44 AM","x"
"1299","20090106","3650","C124-1LB","No Product Name","5","10.45","1","4/14/2009 7:16:44 AM","x"
"1299","20090106","3650","C124-1LB","No Product Name","5","10.45","1","4/14/2009 7:16:44 AM","x"
"1299","20090106","3651","C131-1LB","No Product Name","1","10.45","1","4/14/2009 7:16:44 AM","x"
"1300","20090107","3656","C131-1LB","No Product Name","2","10.45","1","4/14/2009 7:16:44 AM","x"
"1300","20090107","3657","C170-1LB","No Product Name","3","11.25","1","4/14/2009 7:16:44 AM","x"
"1300","20090107","3657","C171-1LB","No Product Name","3","11.25","1","4/14/2009 7:16:44 AM","x"
"1300","20090107","3658","C111-1LB","No Product Name","1","10.45","1","4/14/2009 7:16:44 AM","x"
"1300","20090107","3658","C118-2LB","No Product Name","2","20.95","2","4/14/2009 7:16:44 AM","x"
"1300","20090107","3659","C111-2LB","No Product Name","1","19.95","2","4/14/2009 7:16:44 AM","x"
"1300","20090107","3659","C111-1LB","No Product Name","1","10.45","1","4/14/2009 7:16:44 AM","x"
"1300","20090108","3660","C111-2LB","No Product Name","1","19.95","2","4/14/2009 7:16:44 AM","x"
"1300","20090108","3660","C171-2LB","No Product Name","1","20.95","2","4/14/2009 7:16:44 AM","x"
"1301","20090108","3663","C131-2LB","No Product Name","1","19.95","2","4/14/2009 7:16:44 AM","x"
"1301","20090108","3664","C139-2LB","No Product Name","1","20.95","2","4/14/2009 7:16:44 AM","x"
"1301","20090108","3665","C171-1LB","No Product Name","4","11.25","1","4/14/2009 7:16:44 AM","x"
"1301","20090108","3666","C152-1LB","No Product Name","1","10.95","1","4/14/2009 7:16:44 AM","x"
"1301","20090108","3667","C129-1LB","No Product Name","1","10.45","1","4/14/2009 7:16:44 AM","x"
"1303","20090109","3671","C155-5LB","No Product Name","1","49.95","5","4/14/2009 7:16:44 AM","x"
"1303","20090109","3672","C155-1LB","No Product Name","3","10.95","1","4/14/2009 7:16:44 AM","x"
"1303","20090109","3672","C162-1LB","No Product Name","1","10.95","1","4/14/2009 7:16:44 AM","x"
"1303","20090109","3673","C150-5LB","No Product Name","1","49.95","5","4/14/2009 7:16:44 AM","x"
"1303","20090109","3673","C157-1LB","No Product Name","1","10.95","1","4/14/2009 7:16:44 AM","x"
"1303","20090109","3674","C118-1LB","No Product Name","1","10.95","1","4/14/2009 7:16:44 AM","x"
"1303","20090109","3674","C127-1LB","No Product Name","1","10.95","1","4/14/2009 7:16:44 AM","x"
"1303","20090109","3674","C125-1LB","No Product Name","1","10.95","1","4/14/2009 7:16:44 AM","x"
"1303","20090109","3674","C170-1LB","No Product Name","3","11.25","1","4/14/2009 7:16:44 AM","x"
"1303","20090109","3675","C123-2LB","No Product Name","2","20.95","2","4/14/2009 7:16:44 AM","x"
"1303","20090109","3675","C139-2LB","No Product Name","2","20.95","2","4/14/2009 7:16:44 AM","x"
"1303","20090110","3676","C165-2LB","No Product Name","1","20.95","2","4/14/2009 7:16:44 AM","x"
"1303","20090110","3677","C124-5LB","No Product Name","3","47.45","5","4/14/2009 7:16:44 AM","x"
"1303","20090110","3677","C139-5LB","No Product Name","1","49.95","5","4/14/2009 7:16:44 AM","x"
"1303","20090110","3678","C111-1LB","No Product Name","1","10.45","1","4/14/2009 7:16:44 AM","x"
"1303","20090110","3678","C109-1LB","No Product Name","1","10.45","1","4/14/2009 7:16:44 AM","x"
"1303","20090110","3679","C157-2LB","No Product Name","1","20.95","2","4/14/2009 7:16:44 AM","x"
"1303","20090110","3679","C127-2LB","No Product Name","1","20.95","2","4/14/2009 7:16:44 AM","x"
"1303","20090110","3679","C152-1LB","No Product Name","1","10.95","1","4/14/2009 7:16:44 AM","x"
"1303","20090111","3682","C150-1LB","No Product Name","3","10.95","1","4/14/2009 7:16:44 AM","x"
"1303","20090111","3683","C123-1LB","No Product Name","2","10.95","1","4/14/2009 7:16:44 AM","x"
"1303","20090111","3683","C154-1LB","No Product Name","1","10.95","1","4/14/2009 7:16:44 AM","x"
"1303","20090111","3683","C157-1LB","No Product Name","1","10.95","1","4/14/2009 7:16:44 AM","x"
"1303","20090111","3683","C156-1LB","No Product Name","1","10.95","1","4/14/2009 7:16:44 AM","x"
"1303","20090112","3684","C124-5LB","No Product Name","1","47.45","5","4/14/2009 7:16:44 AM","x"
"1303","20090112","3685","C123-1LB","No Product Name","2","10.95","1","4/14/2009 7:16:44 AM","x"
"1303","20090112","3685","C153-1LB","No Product Name","3","10.95","1","4/14/2009 7:16:44 AM","x"
"1306","20090112","3689","C136-5LB","No Product Name","1","49.95","5","4/14/2009 7:16:44 AM","x"
"1306","20090112","3689","C116-5LB","No Product Name","1","47.95","5","4/14/2009 7:16:44 AM","x"
"1306","20090112","3690","C153-1LB","No Product Name","3","10.95","1","4/14/2009 7:16:44 AM","x"
"1306","20090112","3690","C139-1LB","No Product Name","3","10.95","1","4/14/2009 7:16:44 AM","x"
"1306","20090112","3690","C137-1LB","No Product Name","3","10.95","1","4/14/2009 7:16:44 AM","x"
"1306","20090112","3690","C152-1LB","No Product Name","3","10.95","1","4/14/2009 7:16:44 AM","x"
"1306","20090112","3691","C116-2LB","No Product Name","1","19.95","2","4/14/2009 7:16:44 AM","x"
"1306","20090112","3692","C155-5LB","No Product Name","1","49.95","5","4/14/2009 7:16:44 AM","x"
"1306","20090112","3693","C137-5LB","No Product Name","1","49.95","5","4/14/2009 7:16:44 AM","x"
"1307","20090113","3694","C131-1LB","No Product Name","1","10.45","1","4/14/2009 7:16:44 AM","x"
"1307","20090113","3694","C136-1LB","No Product Name","1","10.95","1","4/14/2009 7:16:44 AM","x"
"1307","20090113","3695","C129-5LB","No Product Name","1","47.45","5","4/14/2009 7:16:44 AM","x"
"1307","20090113","3696","C127-1LB","No Product Name","1","10.95","1","4/14/2009 7:16:44 AM","x"
"1307","20090113","3696","C123-1LB","No Product Name","1","10.95","1","4/14/2009 7:16:44 AM","x"
"1307","20090113","3696","C152-1LB","No Product Name","1","10.95","1","4/14/2009 7:16:44 AM","x"
"1307","20090113","3697","C157-1LB","No Product Name","1","10.95","1","4/14/2009 7:16:44 AM","x"
"1307","20090114","3698","C111-1LB","No Product Name","6","10.45","1","4/14/2009 7:16:44 AM","x"
"1308","20090114","3702","C152-5LB","No Product Name","1","49.95","5","4/14/2009 7:16:44 AM","x"
"1308","20090114","3703","C118-2LB","No Product Name","1","20.95","2","4/14/2009 7:16:44 AM","x"
"1308","20090114","3703","C118-2LB","No Product Name","1","20.95","2","4/14/2009 7:16:44 AM","x"
"1308","20090114","3703","C124-2LB","No Product Name","1","19.95","2","4/14/2009 7:16:44 AM","x"
"1308","20090114","3704","C151-5LB","No Product Name","1","49.95","5","4/14/2009 7:16:44 AM","x"
"1308","20090114","3704","C129-5LB","No Product Name","1","47.45","5","4/14/2009 7:16:44 AM","x"
"1308","20090114","3705","C139-2LB","No Product Name","1","20.95","2","4/14/2009 7:16:44 AM","x"
"1308","20090114","3705","C179-1LB","No Product Name","1","10.95","1","4/14/2009 7:16:44 AM","x"
"1308","20090114","3706","C129-1LB","No Product Name","1","10.45","1","4/14/2009 7:16:44 AM","x"
"1308","20090114","3706","C109-1LB","No Product Name","1","10.45","1","4/14/2009 7:16:44 AM","x"
"1308","20090114","3707","C118-1LB","No Product Name","1","10.95","1","4/14/2009 7:16:44 AM","x"
"1308","20090114","3707","C182-2LB","No Product Name","1","20.95","2","4/14/2009 7:16:44 AM","x"
"1308","20090114","3708","C118-1LB","No Product Name","1","10.95","1","4/14/2009 7:16:44 AM","x"
"1308","20090114","3708","C111-1LB","No Product Name","1","10.45","1","4/14/2009 7:16:44 AM","x"
"1309","20090115","3709","C131-2LB","No Product Name","1","19.95","2","4/14/2009 7:16:44 AM","x"
"1309","20090115","3710","C172-1LB","No Product Name","1","11.25","1","4/14/2009 7:16:44 AM","x"
"1309","20090115","3711","C166-1LB","No Product Name","4","10.95","1","4/14/2009 7:16:44 AM","x"
"1309","20090115","3712","C117-5LB","No Product Name","1","47.45","5","4/14/2009 7:16:44 AM","x"
"1309","20090115","3712","C124-5LB","No Product Name","1","47.45","5","4/14/2009 7:16:44 AM","x"
"1309","20090115","3713","C160-1LB","No Product Name","1","10.95","1","4/14/2009 7:16:44 AM","x"
"1309","20090115","3713","C129-1LB","No Product Name","1","10.45","1","4/14/2009 7:16:44 AM","x"
"1309","20090115","3714","C165-1LB","No Product Name","1","10.95","1","4/14/2009 7:16:44 AM","x"
"1309","20090115","3714","C166-1LB","No Product Name","1","10.95","1","4/14/2009 7:16:44 AM","x"
"1309","20090115","3715","C129-1LB","No Product Name","4","10.45","1","4/14/2009 7:16:44 AM","x"
"1309","20090115","3716","C129-5LB","No Product Name","1","47.45","5","4/14/2009 7:16:44 AM","x"
"1310","20090115","3717","C152-2LB","No Product Name","1","20.95","2","4/14/2009 7:16:44 AM","x"
"1310","20090115","3717","C129-1LB","No Product Name","1","10.45","1","4/14/2009 7:16:44 AM","x"
"1310","20090115","3717","C137-1LB","No Product Name","1","10.95","1","4/14/2009 7:16:44 AM","x"
"1310","20090115","3718","C160-1LB","No Product Name","1","10.95","1","4/14/2009 7:16:44 AM","x"
"1310","20090115","3718","C118-1LB","No Product Name","1","10.95","1","4/14/2009 7:16:44 AM","x"
"1310","20090115","3719","C156-2LB","No Product Name","1","20.95","2","4/14/2009 7:16:44 AM","x"
"1310","20090115","3719","C154-1LB","No Product Name","1","10.95","1","4/14/2009 7:16:44 AM","x"
"1310","20090115","3719","C116-1LB","No Product Name","1","10.45","1","4/14/2009 7:16:44 AM","x"
"1310","20090115","3719","C129-1LB","No Product Name","1","10.45","1","4/14/2009 7:16:44 AM","x"
"1310","20090115","3720","C166-2LB","No Product Name","1","20.95","2","4/14/2009 7:16:44 AM","x"
"1310","20090115","3721","C150-5LB","No Product Name","1","49.95","5","4/14/2009 7:16:44 AM","x"
"1311","20090116","3725","C122-5LB","No Product Name","1","47.45","5","4/14/2009 7:16:44 AM","x"
"1311","20090116","3726","C159-1LB","No Product Name","1","10.95","1","4/14/2009 7:16:44 AM","x"
"1311","20090116","3726","C129-1LB","No Product Name","1","10.45","1","4/14/2009 7:16:44 AM","x"
"1311","20090116","3726","C170-1LB","No Product Name","1","11.25","1","4/14/2009 7:16:44 AM","x"
"1311","20090116","3726","C116-1LB","No Product Name","1","10.45","1","4/14/2009 7:16:44 AM","x"
"1311","20090117","3727","C129-2LB","No Product Name","1","19.95","2","4/14/2009 7:16:44 AM","x"
"1311","20090117","3728","C139-1LB","No Product Name","1","10.95","1","4/14/2009 7:16:44 AM","x"
"1311","20090117","3728","C129-1LB","No Product Name","1","10.45","1","4/14/2009 7:16:44 AM","x"
"1311","20090117","3729","C139-2LB","No Product Name","1","20.95","2","4/14/2009 7:16:44 AM","x"
"1311","20090117","3729","C136-2LB","No Product Name","1","20.95","2","4/14/2009 7:16:44 AM","x"
"1311","20090117","3729","C129-2LB","No Product Name","1","19.95","2","4/14/2009 7:16:44 AM","x"
"1311","20090117","3730","C156-2LB","No Product Name","1","20.95","2","4/14/2009 7:16:44 AM","x"
"1311","20090117","3731","C129-2LB","No Product Name","1","19.95","2","4/14/2009 7:16:44 AM","x"
"1311","20090117","3731","C170-2LB","No Product Name","1","20.95","2","4/14/2009 7:16:44 AM","x"
"1311","20090117","3732","C151-5LB","No Product Name","1","49.95","5","4/14/2009 7:16:44 AM","x"
"1311","20090117","3733","C129-5LB","No Product Name","1","47.45","5","4/14/2009 7:16:44 AM","x"
"1311","20090117","3734","C111-1LB","No Product Name","1","10.45","1","4/14/2009 7:16:44 AM","x"
"1311","20090117","3734","C122-1LB","No Product Name","1","10.45","1","4/14/2009 7:16:44 AM","x"
"1311","20090117","3735","C136-5LB","No Product Name","1","49.95","5","4/14/2009 7:16:44 AM","x"
"1311","20090117","3736","C170-1LB","No Product Name","1","11.25","1","4/14/2009 7:16:44 AM","x"
"1311","20090118","3737","C123-5LB","No Product Name","1","49.95","5","4/14/2009 7:16:44 AM","x"
"1311","20090118","3738","C182-5LB","No Product Name","1","49.95","5","4/14/2009 7:16:44 AM","x"
"1311","20090118","3739","C109-8oz","No Product Name","1","0","0","4/14/2009 7:16:44 AM","x"
"1311","20090118","3739","C111-8oz","No Product Name","1","0","0","4/14/2009 7:16:44 AM","x"
"1311","20090118","3739","C116-8oz","No Product Name","1","0","0","4/14/2009 7:16:44 AM","x"
"1311","20090118","3739","C117-8oz","No Product Name","1","0","0","4/14/2009 7:16:44 AM","x"
"1311","20090118","3739","C118-8oz","No Product Name","1","0","0","4/14/2009 7:16:44 AM","x"
"1311","20090118","3739","C122-8oz","No Product Name","1","0","0","4/14/2009 7:16:44 AM","x"
"1311","20090118","3739","C123-8oz","No Product Name","1","0","0","4/14/2009 7:16:44 AM","x"
"1311","20090118","3739","C124-8oz","No Product Name","1","0","0","4/14/2009 7:16:44 AM","x"
"1311","20090118","3739","C129-8oz","No Product Name","1","0","0","4/14/2009 7:16:44 AM","x"
"1311","20090118","3739","C131-8oz","No Product Name","1","0","0","4/14/2009 7:16:44 AM","x"
"1311","20090118","3739","C136-8oz","No Product Name","1","0","0","4/14/2009 7:16:44 AM","x"
"1311","20090118","3739","C137-8oz","No Product Name","1","0","0","4/14/2009 7:16:44 AM","x"
"1311","20090118","3739","C139-8oz","No Product Name","1","0","0","4/14/2009 7:16:44 AM","x"
"1311","20090118","3739","C170-8oz","No Product Name","1","0","0","4/14/2009 7:16:44 AM","x"
"1311","20090118","3740","C129-2LB","No Product Name","1","19.95","2","4/14/2009 7:16:44 AM","x"
"1311","20090118","3740","C156-2LB","No Product Name","1","20.95","2","4/14/2009 7:16:44 AM","x"
"1311","20090118","3741","C125-1LB","No Product Name","1","10.95","1","4/14/2009 7:16:44 AM","x"
"1311","20090118","3741","C153-1LB","No Product Name","1","10.95","1","4/14/2009 7:16:44 AM","x"
"1311","20090118","3742","C139-1LB","No Product Name","1","10.95","1","4/14/2009 7:16:44 AM","x"
"1311","20090118","3742","C182-1LB","No Product Name","1","10.95","1","4/14/2009 7:16:44 AM","x"
"1311","20090118","3742","C123-1LB","No Product Name","1","10.95","1","4/14/2009 7:16:44 AM","x"
"1311","20090118","3742","C117-1LB","No Product Name","1","10.45","1","4/14/2009 7:16:44 AM","x"
"1311","20090118","3743","C136-2LB","No Product Name","2","20.95","2","4/14/2009 7:16:44 AM","x"
"1311","20090118","3744","C172-2LB","No Product Name","3","20.95","2","4/14/2009 7:16:44 AM","x"
"1311","20090118","3744","C172-1LB","No Product Name","1","11.25","1","4/14/2009 7:16:44 AM","x"
"1311","20090118","3744","C170-2LB","No Product Name","3","20.95","2","4/14/2009 7:16:44 AM","x"
"1311","20090119","3745","C117-1LB","No Product Name","1","10.45","1","4/14/2009 7:16:44 AM","x"
"1311","20090119","3745","C109-1LB","No Product Name","1","10.45","1","4/14/2009 7:16:44 AM","x"
"1311","20090119","3745","C124-1LB","No Product Name","1","10.45","1","4/14/2009 7:16:44 AM","x"
"1311","20090119","3745","C123-1LB","No Product Name","1","10.95","1","4/14/2009 7:16:44 AM","x"
"1311","20090119","3746","C159-1LB","No Product Name","1","10.95","1","4/14/2009 7:16:44 AM","x"
"1311","20090119","3746","C125-1LB","No Product Name","1","10.95","1","4/14/2009 7:16:44 AM","x"
"1311","20090119","3746","C151-1LB","No Product Name","1","10.95","1","4/14/2009 7:16:44 AM","x"
"1311","20090119","3746","C160-1LB","No Product Name","1","10.95","1","4/14/2009 7:16:44 AM","x"
"1311","20090119","3747","C129-2LB","No Product Name","1","19.95","2","4/14/2009 7:16:44 AM","x"
"1311","20090119","3747","C150-1LB","No Product Name","1","10.95","1","4/14/2009 7:16:44 AM","x"
"1311","20090119","3748","C129-1LB","No Product Name","1","10.45","1","4/14/2009 7:16:44 AM","x"
"1311","20090119","3748","C136-1LB","No Product Name","1","10.95","1","4/14/2009 7:16:44 AM","x"
"1311","20090119","3749","C111-2LB","No Product Name","1","19.95","2","4/14/2009 7:16:44 AM","x"
"1311","20090119","3749","C116-2LB","No Product Name","1","19.95","2","4/14/2009 7:16:44 AM","x"
"1311","20090119","3750","C129-2LB","No Product Name","1","19.95","2","4/14/2009 7:16:44 AM","x"
"1311","20090119","3751","C116-5LB","No Product Name","1","47.95","5","4/14/2009 7:16:44 AM","x"
"1311","20090119","3752","C166-5LB","No Product Name","1","49.95","5","4/14/2009 7:16:44 AM","x"
"1311","20090120","3753","C118-1LB","No Product Name","1","10.95","1","4/14/2009 7:16:44 AM","x"
"1312","20090120","3754","C129-2LB","No Product Name","1","19.95","2","4/14/2009 7:16:44 AM","x"
"1312","20090120","3754","C170-2LB","No Product Name","1","20.95","2","4/14/2009 7:16:44 AM","x"
"1312","20090120","3755","C137-5LB","No Product Name","3","49.95","5","4/14/2009 7:16:44 AM","x"
"1312","20090120","3756","C162-1LB","No Product Name","1","10.95","1","4/14/2009 7:16:44 AM","x"
"1312","20090120","3756","C129-1LB","No Product Name","1","10.45","1","4/14/2009 7:16:44 AM","x"
"1312","20090120","3757","C116-1LB","No Product Name","3","10.45","1","4/14/2009 7:16:44 AM","x"
"1312","20090120","3757","C137-1LB","No Product Name","2","10.95","1","4/14/2009 7:16:44 AM","x"
"1312","20090120","3758","C139-1LB","No Product Name","1","10.95","1","4/14/2009 7:16:44 AM","x"
"1312","20090120","3758","C182-1LB","No Product Name","1","10.95","1","4/14/2009 7:16:44 AM","x"
"1312","20090121","3759","C124-1LB","No Product Name","1","10.45","1","4/14/2009 7:16:44 AM","x"
"1312","20090121","3759","C150-1LB","No Product Name","1","10.95","1","4/14/2009 7:16:44 AM","x"
"1312","20090121","3760","C118-1LB","No Product Name","1","10.95","1","4/14/2009 7:16:44 AM","x"
"1312","20090121","3760","C116-1LB","No Product Name","1","10.45","1","4/14/2009 7:16:44 AM","x"
"1312","20090121","3760","C124-1LB","No Product Name","1","10.45","1","4/14/2009 7:16:44 AM","x"
"1312","20090121","3761","C139-2LB","No Product Name","1","20.95","2","4/14/2009 7:16:44 AM","x"
"1313","20090121","3762","C117-2LB","No Product Name","1","19.95","2","4/14/2009 7:16:44 AM","x"
"1313","20090121","3763","C118-2LB","No Product Name","1","20.95","2","4/14/2009 7:16:44 AM","x"
"1313","20090121","3764","C111-1LB","No Product Name","1","0","0","4/14/2009 7:16:44 AM","x"
"1313","20090121","3764","C131-1LB","No Product Name","1","0","0","4/14/2009 7:16:44 AM","x"
"1313","20090121","3766","C129-1LB","No Product Name","1","10.45","1","4/14/2009 7:16:44 AM","x"
"1313","20090121","3767","C157-1LB","No Product Name","1","10.95","1","4/14/2009 7:16:44 AM","x"
"1313","20090122","3768","C139-1LB","No Product Name","1","10.95","1","4/14/2009 7:16:44 AM","x"
"1313","20090122","3768","C137-1LB","No Product Name","1","10.95","1","4/14/2009 7:16:44 AM","x"
"1313","20090122","3768","C136-1LB","No Product Name","2","10.95","1","4/14/2009 7:16:44 AM","x"
"1313","20090122","3768","C136-1LB","No Product Name","1","10.95","1","4/14/2009 7:16:44 AM","x"
"1313","20090122","3768","C179-1LB","No Product Name","1","10.95","1","4/14/2009 7:16:44 AM","x"
"1313","20090122","3768","C153-1LB","No Product Name","1","10.95","1","4/14/2009 7:16:44 AM","x"
"1313","20090122","3768","C152-1LB","No Product Name","1","10.95","1","4/14/2009 7:16:44 AM","x"
"1313","20090122","3769","C123-1LB","No Product Name","2","10.95","1","4/14/2009 7:16:44 AM","x"
"1313","20090122","3769","C170-1LB","No Product Name","2","11.25","1","4/14/2009 7:16:44 AM","x"
"1314","20090122","3773","C139-2LB","No Product Name","2","20.95","2","4/14/2009 7:16:44 AM","x"
"1314","20090122","3773","C131-2LB","No Product Name","2","19.95","2","4/14/2009 7:16:44 AM","x"
"1314","20090122","3773","C123-2LB","No Product Name","2","20.95","2","4/14/2009 7:16:44 AM","x"
"1314","20090122","3773","C136-2LB","No Product Name","1","20.95","2","4/14/2009 7:16:44 AM","x"
"1314","20090122","3773","C129-1LB","No Product Name","1","10.45","1","4/14/2009 7:16:44 AM","x"
"1314","20090122","3773","C157-1LB","No Product Name","1","10.95","1","4/14/2009 7:16:44 AM","x"
"1314","20090122","3773","C170-1LB","No Product Name","1","11.25","1","4/14/2009 7:16:44 AM","x"
"1314","20090122","3773","C171-1LB","No Product Name","1","11.25","1","4/14/2009 7:16:44 AM","x"
"1314","20090122","3773","C122-2LB","No Product Name","1","19.95","2","4/14/2009 7:16:44 AM","x"
"1314","20090122","3774","C129-2LB","No Product Name","1","19.95","2","4/14/2009 7:16:44 AM","x"
"1314","20090123","3775","C139-1LB","No Product Name","2","10.95","1","4/14/2009 7:16:44 AM","x"
"1315","20090124","3780","C127-2LB","No Product Name","1","20.95","2","4/14/2009 7:16:44 AM","x"
"1315","20090124","3780","C118-2LB","No Product Name","1","20.95","2","4/14/2009 7:16:44 AM","x"
"1315","20090124","3780","C116-2LB","No Product Name","1","19.95","2","4/14/2009 7:16:44 AM","x"
"1315","20090124","3781","C118-1LB","No Product Name","6","10.95","1","4/14/2009 7:16:44 AM","x"
"1315","20090124","3782","C118-1LB","No Product Name","1","10.95","1","4/14/2009 7:16:44 AM","x"
"1315","20090124","3782","C182-1LB","No Product Name","1","10.95","1","4/14/2009 7:16:44 AM","x"
"1315","20090124","3782","C139-1LB","No Product Name","1","10.95","1","4/14/2009 7:16:44 AM","x"
"1315","20090124","3782","C129-1LB","No Product Name","1","10.45","1","4/14/2009 7:16:44 AM","x"
"1315","20090124","3782","C151-1LB","No Product Name","1","10.95","1","4/14/2009 7:16:44 AM","x"
"1315","20090125","3783","C129-1LB","No Product Name","3","10.45","1","4/14/2009 7:16:44 AM","x"
"1315","20090125","3783","C136-1LB","No Product Name","3","10.95","1","4/14/2009 7:16:44 AM","x"
"1315","20090125","3784","C182-1LB","No Product Name","1","10.95","1","4/14/2009 7:16:44 AM","x"
"1315","20090125","3784","C127-1LB","No Product Name","1","10.95","1","4/14/2009 7:16:44 AM","x"
"1315","20090125","3784","C150-1LB","No Product Name","1","10.95","1","4/14/2009 7:16:44 AM","x"
"1315","20090125","3784","C165-1LB","No Product Name","1","10.95","1","4/14/2009 7:16:44 AM","x"
"1315","20090125","3785","C116-1LB","No Product Name","1","10.45","1","4/14/2009 7:16:44 AM","x"
"1315","20090125","3785","C129-1LB","No Product Name","1","10.45","1","4/14/2009 7:16:44 AM","x"
"1315","20090125","3785","C165-1LB","No Product Name","1","10.95","1","4/14/2009 7:16:44 AM","x"
"1315","20090125","3785","C170-2LB","No Product Name","1","20.95","2","4/14/2009 7:16:44 AM","x"
"1315","20090125","3785","C170-1LB","No Product Name","1","11.25","1","4/14/2009 7:16:44 AM","x"
"1315","20090125","3786","C129-1LB","No Product Name","2","10.45","1","4/14/2009 7:16:44 AM","x"
"1317","20090126","3790","C170-2LB","No Product Name","2","20.95","2","4/14/2009 7:16:44 AM","x"
"1317","20090126","3790","C122-1LB","No Product Name","1","10.45","1","4/14/2009 7:16:44 AM","x"
"1317","20090126","3791","C118-1LB","No Product Name","1","10.95","1","4/14/2009 7:16:44 AM","x"
"1317","20090126","3792","C129-2LB","No Product Name","1","19.95","2","4/14/2009 7:16:44 AM","x"
"1317","20090126","3792","C124-2LB","No Product Name","1","19.95","2","4/14/2009 7:16:44 AM","x"
"1317","20090127","3793","C170-2LB","No Product Name","1","20.95","2","4/14/2009 7:16:44 AM","x"
"1317","20090127","3793","C155-2LB","No Product Name","1","20.95","2","4/14/2009 7:16:44 AM","x"
"1317","20090127","3794","C129-1LB","No Product Name","1","10.45","1","4/14/2009 7:16:44 AM","x"
"1317","20090127","3794","C123-1LB","No Product Name","1","10.95","1","4/14/2009 7:16:44 AM","x"
"1317","20090127","3795","C137-1LB","No Product Name","4","10.95","1","4/14/2009 7:16:44 AM","x"
"1317","20090127","3795","C170-1LB","No Product Name","2","11.25","1","4/14/2009 7:16:44 AM","x"
"1317","20090127","3796","C152-1LB","No Product Name","5","10.95","1","4/14/2009 7:16:44 AM","x"
"1318","20090127","3799","C111-2LB","No Product Name","1","19.95","2","4/14/2009 7:16:44 AM","x"
"1318","20090127","3799","C116-1LB","No Product Name","1","10.45","1","4/14/2009 7:16:44 AM","x"
"1318","20090127","3799","C109-1LB","No Product Name","1","10.45","1","4/14/2009 7:16:44 AM","x"
"1318","20090127","3800","C137-1LB","No Product Name","1","10.95","1","4/14/2009 7:16:44 AM","x"
"1318","20090127","3800","C123-1LB","No Product Name","1","10.95","1","4/14/2009 7:16:44 AM","x"
"1318","20090127","3800","C179-2LB","No Product Name","1","20.95","2","4/14/2009 7:16:44 AM","x"
"1318","20090127","3801","C161-5LB","No Product Name","1","49.95","5","4/14/2009 7:16:44 AM","x"
"1318","20090127","3802","C129-2LB","No Product Name","1","19.95","2","4/14/2009 7:16:44 AM","x"
"1318","20090127","3802","C124-1LB","No Product Name","1","10.45","1","4/14/2009 7:16:44 AM","x"
"1318","20090127","3803","C111-1LB","No Product Name","1","10.45","1","4/14/2009 7:16:44 AM","x"
"1318","20090127","3804","C131-1LB","No Product Name","1","10.45","1","4/14/2009 7:16:44 AM","x"
"1318","20090127","3805","C165-2LB","No Product Name","1","20.95","2","4/14/2009 7:16:44 AM","x"
"1318","20090127","3805","C165-2LB","No Product Name","1","20.95","2","4/14/2009 7:16:44 AM","x"
"1318","20090127","3806","C129-2LB","No Product Name","1","19.95","2","4/14/2009 7:16:44 AM","x"
"1318","20090127","3806","C123-1LB","No Product Name","1","10.95","1","4/14/2009 7:16:44 AM","x"
"1319","20090128","3810","C122-2LB","No Product Name","1","19.95","2","4/14/2009 7:16:44 AM","x"
"1319","20090128","3810","C131-2LB","No Product Name","1","19.95","2","4/14/2009 7:16:44 AM","x"
"1319","20090128","3811","C118-2LB","No Product Name","1","20.95","2","4/14/2009 7:16:44 AM","x"
"1319","20090128","3812","C118-1LB","No Product Name","1","10.95","1","4/14/2009 7:16:44 AM","x"
"1319","20090128","3812","C152-1LB","No Product Name","1","10.95","1","4/14/2009 7:16:44 AM","x"
"1320","20090129","3816","C124-1LB","No Product Name","7","10.45","1","4/14/2009 7:16:44 AM","x"
"1320","20090129","3816","C170-1LB","No Product Name","10","11.25","1","4/14/2009 7:16:44 AM","x"
"1320","20090129","3817","C118-2LB","No Product Name","1","20.95","2","4/14/2009 7:16:44 AM","x"
"1320","20090129","3817","C118-5LB","No Product Name","1","49.95","5","4/14/2009 7:16:44 AM","x"
"1320","20090129","3817","C109-1LB","No Product Name","1","10.45","1","4/14/2009 7:16:44 AM","x"
"1320","20090129","3817","C109-5LB","No Product Name","1","47.45","5","4/14/2009 7:16:44 AM","x"
"1320","20090129","3818","C159-1LB","No Product Name","1","10.95","0","4/14/2009 7:16:44 AM","x"
"1320","20090129","3819","C151-1LB","No Product Name","1","10.95","1","4/14/2009 7:16:44 AM","x"
"1320","20090129","3819","C155-1LB","No Product Name","1","10.95","1","4/14/2009 7:16:44 AM","x"
"1320","20090129","3819","C153-1LB","No Product Name","1","10.95","1","4/14/2009 7:16:44 AM","x"
"1320","20090130","3820","C124-1LB","No Product Name","4","10.45","1","4/14/2009 7:16:44 AM","x"
"1320","20090130","3821","C139-5LB","No Product Name","1","49.95","5","4/14/2009 7:16:44 AM","x"
"1320","20090130","3822","C139-2LB","No Product Name","1","20.95","2","4/14/2009 7:16:44 AM","x"
"1321","20090130","3823","C124-1LB","No Product Name","1","10.45","1","4/14/2009 7:16:44 AM","x"
"1321","20090130","3823","C129-1LB","No Product Name","1","10.45","1","4/14/2009 7:16:44 AM","x"
"1321","20090130","3825","C152-5LB","No Product Name","1","49.95","5","4/14/2009 7:16:44 AM","x"
"1321","20090130","3829","C136-1LB","No Product Name","1","0","0","4/14/2009 7:16:44 AM","x"
"1321","20090131","3830","C127-5LB","No Product Name","1","49.95","5","4/14/2009 7:16:44 AM","x"
"1321","20090131","3831","C123-2LB","No Product Name","1","20.95","2","4/14/2009 7:16:44 AM","x"
"1321","20090131","3831","C170-2LB","No Product Name","1","20.95","2","4/14/2009 7:16:44 AM","x"
"1321","20090131","3832","C137-2LB","No Product Name","1","20.95","2","4/14/2009 7:16:44 AM","x"
"1321","20090131","3832","C139-2LB","No Product Name","1","20.95","2","4/14/2009 7:16:44 AM","x"
"1321","20090131","3833","C129-1LB","No Product Name","2","10.45","1","4/14/2009 7:16:44 AM","x"
"1321","20090131","3833","C131-1LB","No Product Name","1","10.45","1","4/14/2009 7:16:44 AM","x"
"1321","20090131","3834","C118-2LB","No Product Name","1","20.95","2","4/14/2009 7:16:44 AM","x"
"1321","20090131","3834","C122-2LB","No Product Name","1","19.95","2","4/14/2009 7:16:44 AM","x"
"1321","20090201","3835","C170-1LB","No Product Name","1","11.25","1","4/14/2009 7:16:44 AM","x"
"1321","20090201","3836","C123-2LB","No Product Name","1","20.95","2","4/14/2009 7:16:44 AM","x"
"1321","20090201","3836","C182-2LB","No Product Name","1","20.95","2","4/14/2009 7:16:44 AM","x"
"1321","20090201","3837","C182-1LB","No Product Name","1","10.95","1","4/14/2009 7:16:44 AM","x"
"1321","20090201","3837","C123-1LB","No Product Name","1","10.95","1","4/14/2009 7:16:44 AM","x"
"1321","20090201","3837","C124-1LB","No Product Name","1","10.45","1","4/14/2009 7:16:44 AM","x"
"1321","20090201","3837","C150-1LB","No Product Name","1","10.95","1","4/14/2009 7:16:44 AM","x"
"1321","20090201","3838","C150-1LB","No Product Name","1","10.95","1","4/14/2009 7:16:44 AM","x"
"1321","20090201","3838","C170-1LB","No Product Name","1","11.25","1","4/14/2009 7:16:44 AM","x"
"1321","20090201","3838","C153-1LB","No Product Name","1","10.95","1","4/14/2009 7:16:44 AM","x"
"1321","20090201","3839","C109-1LB","No Product Name","1","10.45","1","4/14/2009 7:16:44 AM","x"
"1321","20090201","3839","C139-1LB","No Product Name","1","10.95","1","4/14/2009 7:16:44 AM","x"
"1321","20090201","3839","C150-1LB","No Product Name","1","10.95","1","4/14/2009 7:16:44 AM","x"
"1321","20090201","3839","C159-1LB","No Product Name","1","10.95","1","4/14/2009 7:16:44 AM","x"
"1321","20090201","3839","C170-2LB","No Product Name","1","20.95","2","4/14/2009 7:16:44 AM","x"
"1321","20090202","3840","C129-1LB","No Product Name","1","10.45","1","4/14/2009 7:16:44 AM","x"
"1322","20090202","3841","C125-2LB","No Product Name","1","20.95","2","4/14/2009 7:16:44 AM","x"
"1322","20090202","3842","C127-1LB","No Product Name","1","10.95","1","4/14/2009 7:16:44 AM","x"
"1322","20090202","3842","C118-1LB","No Product Name","1","10.95","1","4/14/2009 7:16:44 AM","x"
"1322","20090202","3843","C111-5LB","No Product Name","1","47.45","5","4/14/2009 7:16:44 AM","x"
"1322","20090202","3844","C131-2LB","No Product Name","1","19.95","2","4/14/2009 7:16:44 AM","x"
"1322","20090202","3845","C127-1LB","No Product Name","1","10.95","1","4/14/2009 7:16:44 AM","x"
"1322","20090202","3845","C118-1LB","No Product Name","1","10.95","1","4/14/2009 7:16:44 AM","x"
"1322","20090202","3845","C123-1LB","No Product Name","1","10.95","1","4/14/2009 7:16:44 AM","x"
"1322","20090202","3845","C125-1LB","No Product Name","1","10.95","1","4/14/2009 7:16:44 AM","x"
"1322","20090202","3845","C170-1LB","No Product Name","4","11.25","1","4/14/2009 7:16:44 AM","x"
"1322","20090202","3846","C170-2LB","No Product Name","1","20.95","2","4/14/2009 7:16:44 AM","x"
"1322","20090202","3846","C124-2LB","No Product Name","1","19.95","2","4/14/2009 7:16:44 AM","x"
"1322","20090202","3846","C129-2LB","No Product Name","1","19.95","2","4/14/2009 7:16:44 AM","x"
"1322","20090202","3846","C171-2LB","No Product Name","1","20.95","2","4/14/2009 7:16:44 AM","x"
"1322","20090203","3847","C122-1LB","No Product Name","1","10.45","1","4/14/2009 7:16:44 AM","x"
"1322","20090203","3847","C124-1LB","No Product Name","1","10.45","1","4/14/2009 7:16:44 AM","x"
"1322","20090203","3848","C122-1LB","No Product Name","0","10.45","1","4/14/2009 7:16:44 AM","x"
"1322","20090203","3848","C124-1LB","No Product Name","0","10.45","1","4/14/2009 7:16:44 AM","x"
"1323","20090203","3856","C122-2LB","No Product Name","1","19.95","2","4/14/2009 7:16:44 AM","x"
"1323","20090203","3858","C124-5LB","No Product Name","1","47.45","5","4/14/2009 7:16:44 AM","x"
"1323","20090203","3860","C116-1LB","No Product Name","1","10.45","1","4/14/2009 7:16:44 AM","x"
"1323","20090203","3860","C122-1LB","No Product Name","1","10.45","1","4/14/2009 7:16:44 AM","x"
"1323","20090203","3862","C131-1LB","No Product Name","1","10.45","1","4/14/2009 7:16:44 AM","x"
"1323","20090203","3862","C171-1LB","No Product Name","1","11.25","1","4/14/2009 7:16:44 AM","x"
"1323","20090203","3862","C182-1LB","No Product Name","1","10.95","1","4/14/2009 7:16:44 AM","x"
"1323","20090203","3863","C166-2LB","No Product Name","1","20.95","2","4/14/2009 7:16:44 AM","x"
"1323","20090204","3864","C116-1LB","No Product Name","1","10.45","1","4/14/2009 7:16:44 AM","x"
"1323","20090204","3864","C124-1LB","No Product Name","1","10.45","1","4/14/2009 7:16:44 AM","x"
"1323","20090204","3864","C151-1LB","No Product Name","1","10.95","1","4/14/2009 7:16:44 AM","x"
"1324","20090204","3865","C129-1LB","No Product Name","1","10.45","1","4/14/2009 7:16:44 AM","x"
"1324","20090204","3865","C152-2LB","No Product Name","1","20.95","2","4/14/2009 7:16:44 AM","x"
"1324","20090204","3866","C109-2LB","No Product Name","1","19.95","2","4/14/2009 7:16:44 AM","x"
"1324","20090204","3868","C118-2LB","No Product Name","1","20.95","2","4/14/2009 7:16:44 AM","x"
"1324","20090204","3868","C131-1LB","No Product Name","1","10.45","1","4/14/2009 7:16:44 AM","x"
"1324","20090204","3869","C116-2LB","No Product Name","1","19.95","2","4/14/2009 7:16:44 AM","x"
"1324","20090204","3869","C122-2LB","No Product Name","1","19.95","2","4/14/2009 7:16:44 AM","x"
"1324","20090204","3870","C109-5LB","No Product Name","1","47.45","5","4/14/2009 7:16:44 AM","x"
"1324","20090204","3871","C162-1LB","No Product Name","1","10.95","1","4/14/2009 7:16:44 AM","x"
"1325","20090205","3872","C125-5LB","No Product Name","1","49.95","5","4/14/2009 7:16:44 AM","x"
"1325","20090205","3873","C153-1LB","No Product Name","1","10.95","1","4/14/2009 7:16:44 AM","x"
"1325","20090205","3873","C152-1LB","No Product Name","1","10.95","1","4/14/2009 7:16:44 AM","x"
"1325","20090205","3874","C127-2LB","No Product Name","1","20.95","2","4/14/2009 7:16:44 AM","x"
"1325","20090205","3874","C179-1LB","No Product Name","1","10.95","1","4/14/2009 7:16:44 AM","x"
"1325","20090205","3874","C131-1LB","No Product Name","1","10.45","1","4/14/2009 7:16:44 AM","x"
"1325","20090205","3875","C171-5LB","No Product Name","1","52.95","5","4/14/2009 7:16:44 AM","x"
"1325","20090205","3876","C139-1LB","No Product Name","2","10.95","1","4/14/2009 7:16:44 AM","x"
"1325","20090205","3876","C152-1LB","No Product Name","1","10.95","1","4/14/2009 7:16:44 AM","x"
"1325","20090205","3877","C156-1LB","No Product Name","1","10.95","1","4/14/2009 7:16:44 AM","x"
"1325","20090205","3877","C182-1LB","No Product Name","1","10.95","1","4/14/2009 7:16:44 AM","x"
"1325","20090205","3878","C124-2LB","No Product Name","2","19.95","2","4/14/2009 7:16:44 AM","x"
"1325","20090205","3879","C124-2LB","No Product Name","1","19.95","2","4/14/2009 7:16:44 AM","x"
"1325","20090205","3880","C151-1LB","No Product Name","1","10.95","1","4/14/2009 7:16:44 AM","x"
"1325","20090205","3880","C156-1LB","No Product Name","1","10.95","1","4/14/2009 7:16:44 AM","x"
"1325","20090205","3880","C109-1LB","No Product Name","1","10.45","1","4/14/2009 7:16:44 AM","x"
"1325","20090205","3881","C124-2LB","No Product Name","1","19.95","2","4/14/2009 7:16:44 AM","x"
"1325","20090205","3883","C171-5LB","No Product Name","1","52.95","5","4/14/2009 7:16:44 AM","x"
"1325","20090205","3883","C123-5LB","No Product Name","1","49.95","5","4/14/2009 7:16:44 AM","x"
"1325","20090205","3884","C170-5LB","No Product Name","1","52.95","5","4/14/2009 7:16:44 AM","x"
"1325","20090205","3885","C118-1LB","No Product Name","1","10.95","1","4/14/2009 7:16:44 AM","x"
"1325","20090205","3886","C150-2LB","No Product Name","1","20.95","2","4/14/2009 7:16:44 AM","x"
"1325","20090205","3887","C124-2LB","No Product Name","1","19.95","2","4/14/2009 7:16:44 AM","x"
"1325","20090205","3887","C151-2LB","No Product Name","1","20.95","2","4/14/2009 7:16:44 AM","x"
"1325","20090205","3887","C159-2LB","No Product Name","1","20.95","2","4/14/2009 7:16:44 AM","x"
"1325","20090205","3887","C116-2LB","No Product Name","1","19.95","2","4/14/2009 7:16:44 AM","x"
"1325","20090205","3888","C124-2LB","No Product Name","1","19.95","2","4/14/2009 7:16:44 AM","x"
"1325","20090205","3888","C171-2LB","No Product Name","1","20.95","2","4/14/2009 7:16:44 AM","x"
"1325","20090205","3888","C165-1LB","No Product Name","1","10.95","1","4/14/2009 7:16:44 AM","x"
"1325","20090205","3889","C124-2LB","No Product Name","1","19.95","2","4/14/2009 7:16:44 AM","x"
"1325","20090205","3890","C124-2LB","No Product Name","1","19.95","2","4/14/2009 7:16:44 AM","x"
"1325","20090205","3891","C124-1LB","No Product Name","1","10.45","1","4/14/2009 7:16:44 AM","x"
"1325","20090205","3892","C124-2LB","No Product Name","1","19.95","2","4/14/2009 7:16:44 AM","x"
"1325","20090205","3892","C122-1LB","No Product Name","1","10.45","1","4/14/2009 7:16:44 AM","x"
"1325","20090205","3893","C152-2LB","No Product Name","1","20.95","2","4/14/2009 7:16:44 AM","x"
"1325","20090205","3893","C153-2LB","No Product Name","1","20.95","2","4/14/2009 7:16:44 AM","x"
"1325","20090205","3893","C131-2LB","No Product Name","1","19.95","2","4/14/2009 7:16:44 AM","x"
"1325","20090206","3894","C139-2LB","No Product Name","1","20.95","2","4/14/2009 7:16:44 AM","x"
"1325","20090206","3894","C137-1LB","No Product Name","1","10.95","1","4/14/2009 7:16:44 AM","x"
"1325","20090206","3894","C131-1LB","No Product Name","1","10.45","1","4/14/2009 7:16:44 AM","x"
"1326","20090206","3895","C122-2LB","No Product Name","2","19.95","2","4/14/2009 7:16:44 AM","x"
"1326","20090206","3895","C123-2LB","No Product Name","2","20.95","2","4/14/2009 7:16:44 AM","x"
"1326","20090206","3895","C127-2LB","No Product Name","1","20.95","2","4/14/2009 7:16:44 AM","x"
"1326","20090206","3895","C124-2LB","No Product Name","2","19.95","2","4/14/2009 7:16:44 AM","x"
"1326","20090206","3895","C125-2LB","No Product Name","1","20.95","2","4/14/2009 7:16:44 AM","x"
"1326","20090206","3895","C129-2LB","No Product Name","1","19.95","2","4/14/2009 7:16:44 AM","x"
"1326","20090206","3895","C116-2LB","No Product Name","1","19.95","2","4/14/2009 7:16:44 AM","x"
"1326","20090206","3895","C111-2LB","No Product Name","2","19.95","2","4/14/2009 7:16:44 AM","x"
"1326","20090206","3896","C182-2LB","No Product Name","1","20.95","2","4/14/2009 7:16:44 AM","x"
"1326","20090206","3896","C124-1LB","No Product Name","1","10.45","1","4/14/2009 7:16:44 AM","x"
"1326","20090206","3897","C182-1LB","No Product Name","1","10.95","1","4/14/2009 7:16:44 AM","x"
"1326","20090206","3897","C123-1LB","No Product Name","1","10.95","1","4/14/2009 7:16:44 AM","x"
"1326","20090206","3897","C124-1LB","No Product Name","3","10.45","1","4/14/2009 7:16:44 AM","x"
"1326","20090206","3898","C124-2LB","No Product Name","1","19.95","2","4/14/2009 7:16:44 AM","x"
"1326","20090206","3899","C122-1LB","No Product Name","2","10.45","1","4/14/2009 7:16:44 AM","x"
"1326","20090206","3900","C118-2LB","No Product Name","1","20.95","2","4/14/2009 7:16:44 AM","x"
"1326","20090206","3900","C136-2LB","No Product Name","1","20.95","2","4/14/2009 7:16:44 AM","x"
"1326","20090207","3903","C124-1LB","No Product Name","1","10.45","1","4/14/2009 7:16:44 AM","x"
"1326","20090207","3904","C129-5LB","No Product Name","1","47.45","5","4/14/2009 7:16:44 AM","x"
"1326","20090207","3905","C124-2LB","No Product Name","4","19.95","2","4/14/2009 7:16:44 AM","x"
"1326","20090207","3905","C131-2LB","No Product Name","3","19.95","2","4/14/2009 7:16:44 AM","x"
"1326","20090207","3906","C116-2LB","No Product Name","1","19.95","2","4/14/2009 7:16:44 AM","x"
"1326","20090207","3906","C131-2LB","No Product Name","1","19.95","2","4/14/2009 7:16:44 AM","x"
"1326","20090207","3907","C160-2LB","No Product Name","1","20.95","2","4/14/2009 7:16:44 AM","x"
"1326","20090207","3907","C162-2LB","No Product Name","1","20.95","2","4/14/2009 7:16:44 AM","x"
"1326","20090207","3907","C179-2LB","No Product Name","1","20.95","2","4/14/2009 7:16:44 AM","x"
"1326","20090207","3908","C124-2LB","No Product Name","1","19.95","2","4/14/2009 7:16:44 AM","x"
"1326","20090207","3909","C171-2LB","No Product Name","1","20.95","2","4/14/2009 7:16:44 AM","x"
"1326","20090207","3910","C153-2LB","No Product Name","1","20.95","2","4/14/2009 7:16:44 AM","x"
"1326","20090207","3911","C137-5LB","No Product Name","1","49.95","5","4/14/2009 7:16:44 AM","x"
"1326","20090208","3912","C122-1LB","No Product Name","1","10.45","1","4/14/2009 7:16:44 AM","x"
"1326","20090208","3912","C182-1LB","No Product Name","1","10.95","1","4/14/2009 7:16:44 AM","x"
"1326","20090208","3912","C129-1LB","No Product Name","1","10.45","1","4/14/2009 7:16:44 AM","x"
"1326","20090208","3912","C165-1LB","No Product Name","1","10.95","1","4/14/2009 7:16:44 AM","x"
"1326","20090208","3913","C131-2LB","No Product Name","1","19.95","2","4/14/2009 7:16:44 AM","x"
"1326","20090208","3913","C124-2LB","No Product Name","1","19.95","2","4/14/2009 7:16:44 AM","x"
"1326","20090208","3914","C172-2LB","No Product Name","1","20.95","2","4/14/2009 7:16:44 AM","x"
"1326","20090208","3915","C136-2LB","No Product Name","1","20.95","2","4/14/2009 7:16:44 AM","x"
"1326","20090208","3916","C118-2LB","No Product Name","2","20.95","2","4/14/2009 7:16:44 AM","x"
"1326","20090208","3916","C111-1LB","No Product Name","1","10.45","1","4/14/2009 7:16:44 AM","x"
"1326","20090208","3917","C116-2LB","No Product Name","2","19.95","2","4/14/2009 7:16:44 AM","x"
"1326","20090208","3918","C137-2LB","No Product Name","1","20.95","2","4/14/2009 7:16:44 AM","x"
"1326","20090208","3918","C179-1LB","No Product Name","1","10.95","1","4/14/2009 7:16:44 AM","x"
"1327","20090209","3919","C179-5LB","No Product Name","1","49.95","5","4/14/2009 7:16:44 AM","x"
"1327","20090209","3920","C124-1LB","No Product Name","2","10.45","1","4/14/2009 7:16:44 AM","x"
"1327","20090209","3920","C150-1LB","No Product Name","1","10.95","1","4/14/2009 7:16:44 AM","x"
"1327","20090209","3921","C151-1LB","No Product Name","1","10.95","1","4/14/2009 7:16:44 AM","x"
"1327","20090209","3921","C154-1LB","No Product Name","1","10.95","1","4/14/2009 7:16:44 AM","x"
"1327","20090209","3921","C137-1LB","No Product Name","1","10.95","1","4/14/2009 7:16:44 AM","x"
"1327","20090209","3922","C118-2LB","No Product Name","1","20.95","2","4/14/2009 7:16:44 AM","x"
"1328","20090209","3923","C166-1LB","No Product Name","1","10.95","1","4/14/2009 7:16:44 AM","x"
"1328","20090209","3923","C151-1LB","No Product Name","1","10.95","1","4/14/2009 7:16:44 AM","x"
"1328","20090209","3924","C152-1LB","No Product Name","1","10.95","1","4/14/2009 7:16:44 AM","x"
"1328","20090209","3924","C153-1LB","No Product Name","1","10.95","1","4/14/2009 7:16:44 AM","x"
"1328","20090209","3924","C153-1LB","No Product Name","1","10.95","1","4/14/2009 7:16:44 AM","x"
"1328","20090209","3924","C139-1LB","No Product Name","1","10.95","1","4/14/2009 7:16:44 AM","x"
"1328","20090209","3924","C123-1LB","No Product Name","1","10.95","1","4/14/2009 7:16:44 AM","x"
"1328","20090210","3925","C124-1LB","No Product Name","1","10.45","1","4/14/2009 7:16:44 AM","x"
"1328","20090210","3926","C153-1LB","No Product Name","1","10.95","1","4/14/2009 7:16:44 AM","x"
"1328","20090210","3926","C139-1LB","No Product Name","1","10.95","1","4/14/2009 7:16:44 AM","x"
"1328","20090210","3927","C136-2LB","No Product Name","1","20.95","2","4/14/2009 7:16:44 AM","x"
"1328","20090210","3929","C165-2LB","No Product Name","1","20.95","2","4/14/2009 7:16:44 AM","x"
"1328","20090210","3930","C179-1LB","No Product Name","1","10.95","1","4/14/2009 7:16:44 AM","x"
"1328","20090210","3930","C152-2LB","No Product Name","1","20.95","2","4/14/2009 7:16:44 AM","x"
"1328","20090210","3931","C124-1LB","No Product Name","1","10.45","1","4/14/2009 7:16:44 AM","x"
"1328","20090210","3931","C182-1LB","No Product Name","1","10.95","1","4/14/2009 7:16:44 AM","x"
"1328","20090210","3931","C139-1LB","No Product Name","1","10.95","1","4/14/2009 7:16:44 AM","x"
"1329","20090210","3934","C118-1LB","No Product Name","1","10.95","1","4/14/2009 7:16:44 AM","x"
"1329","20090210","3934","C109-1LB","No Product Name","1","10.45","1","4/14/2009 7:16:44 AM","x"
"1329","20090210","3934","C124-1LB","No Product Name","1","10.45","1","4/14/2009 7:16:44 AM","x"
"1329","20090210","3934","C154-1LB","No Product Name","1","10.95","1","4/14/2009 7:16:44 AM","x"
"1329","20090210","3934","C139-1LB","No Product Name","1","10.95","1","4/14/2009 7:16:44 AM","x"
"1329","20090210","3934","C137-1LB","No Product Name","1","10.95","1","4/14/2009 7:16:44 AM","x"
"1329","20090210","3935","C124-2LB","No Product Name","1","19.95","2","4/14/2009 7:16:44 AM","x"
"1329","20090210","3935","C109-1LB","No Product Name","1","10.45","1","4/14/2009 7:16:44 AM","x"
"1329","20090210","3936","C124-1LB","No Product Name","1","10.45","1","4/14/2009 7:16:44 AM","x"
"1329","20090210","3936","C170-1LB","No Product Name","1","11.25","1","4/14/2009 7:16:44 AM","x"
"1330","20090211","3939","C170-1LB","No Product Name","1","11.25","1","4/14/2009 7:16:44 AM","x"
"1330","20090211","3939","C156-1LB","No Product Name","1","10.95","1","4/14/2009 7:16:44 AM","x"
"1330","20090212","3940","C124-1LB","No Product Name","1","10.45","1","4/14/2009 7:16:44 AM","x"
"1330","20090212","3941","C165-1LB","No Product Name","1","10.95","1","4/14/2009 7:16:44 AM","x"
"1330","20090212","3941","C166-1LB","No Product Name","1","10.95","1","4/14/2009 7:16:44 AM","x"
"1331","20090212","3942","C151-1LB","No Product Name","1","10.95","1","4/14/2009 7:16:44 AM","x"
"1331","20090212","3943","C150-1LB","No Product Name","1","10.95","1","4/14/2009 7:16:44 AM","x"
"1331","20090212","3943","C139-1LB","No Product Name","1","10.95","1","4/14/2009 7:16:44 AM","x"
"1331","20090212","3943","C137-1LB","No Product Name","1","10.95","1","4/14/2009 7:16:44 AM","x"
"1331","20090212","3944","C150-1LB","No Product Name","2","10.95","1","4/14/2009 7:16:44 AM","x"
"1331","20090212","3944","C152-1LB","No Product Name","1","10.95","1","4/14/2009 7:16:44 AM","x"
"1331","20090212","3944","C153-1LB","No Product Name","1","10.95","1","4/14/2009 7:16:44 AM","x"
"1331","20090212","3944","C109-2LB","No Product Name","1","19.95","2","4/14/2009 7:16:44 AM","x"
"1331","20090212","3944","C124-1LB","No Product Name","1","10.45","1","4/14/2009 7:16:44 AM","x"
"1331","20090212","3944","C124-1LB","No Product Name","1","10.45","1","4/14/2009 7:16:44 AM","x"
"1331","20090213","3945","C171-1LB","No Product Name","4","11.25","1","4/14/2009 7:16:44 AM","x"
"1332","20090213","3946","C155-5LB","No Product Name","1","49.95","5","4/14/2009 7:16:44 AM","x"
"1332","20090213","3947","C127-2LB","No Product Name","1","20.95","2","4/14/2009 7:16:44 AM","x"
"1332","20090213","3947","C129-2LB","No Product Name","1","19.95","2","4/14/2009 7:16:44 AM","x"
"1332","20090213","3948","C170-1LB","No Product Name","4","11.25","1","4/14/2009 7:16:44 AM","x"
"1333","20090213","3949","C171-2LB","No Product Name","1","20.95","2","4/14/2009 7:16:44 AM","x"
"1333","20090214","3951","C155-2LB","No Product Name","1","20.95","2","4/14/2009 7:16:44 AM","x"
"1333","20090214","3951","C182-2LB","No Product Name","1","20.95","2","4/14/2009 7:16:44 AM","x"
"1333","20090214","3951","C157-1LB","No Product Name","1","10.95","1","4/14/2009 7:16:44 AM","x"
"1333","20090214","3952","C152-5LB","No Product Name","1","49.95","5","4/14/2009 7:16:44 AM","x"
"1333","20090214","3953","C124-2LB","No Product Name","1","19.95","2","4/14/2009 7:16:44 AM","x"
"1333","20090214","3953","C118-2LB","No Product Name","1","20.95","2","4/14/2009 7:16:44 AM","x"
"1333","20090214","3953","C137-1LB","No Product Name","1","10.95","1","4/14/2009 7:16:44 AM","x"
"1333","20090215","3956","C152-5LB","No Product Name","1","49.95","5","4/14/2009 7:16:44 AM","x"
"1333","20090215","3962","C150-1LB","No Product Name","1","10.95","1","4/14/2009 7:16:44 AM","x"
"1333","20090215","3962","C153-1LB","No Product Name","1","10.95","1","4/14/2009 7:16:44 AM","x"
"1333","20090215","3963","C124-1LB","No Product Name","1","10.45","1","4/14/2009 7:16:44 AM","x"
"1333","20090215","3963","C166-1LB","No Product Name","1","10.95","1","4/14/2009 7:16:44 AM","x"
"1333","20090216","3967","C124-2LB","No Product Name","1","19.95","2","4/14/2009 7:16:44 AM","x"
"1333","20090216","3968","C123-2LB","No Product Name","1","20.95","2","4/14/2009 7:16:44 AM","x"
"1333","20090216","3969","C155-2LB","No Product Name","1","20.95","2","4/14/2009 7:16:44 AM","x"
"1333","20090216","3970","C139-1LB","No Product Name","1","10.95","1","4/14/2009 7:16:44 AM","x"
"1333","20090216","3970","C127-1LB","No Product Name","1","10.95","1","4/14/2009 7:16:44 AM","x"
"1333","20090216","3970","C124-1LB","No Product Name","1","10.45","1","4/14/2009 7:16:44 AM","x"
"1333","20090216","3970","C162-1LB","No Product Name","1","10.95","1","4/14/2009 7:16:44 AM","x"
"1333","20090216","3971","C116-1LB","No Product Name","1","10.45","1","4/14/2009 7:16:44 AM","x"
"1333","20090216","3971","C123-1LB","No Product Name","1","10.95","1","4/14/2009 7:16:44 AM","x"
"1333","20090216","3972","C124-2LB","No Product Name","1","19.95","2","4/14/2009 7:16:44 AM","x"
"1333","20090216","3973","C182-1LB","No Product Name","1","10.95","1","4/14/2009 7:16:44 AM","x"
"1333","20090216","3973","C122-1LB","No Product Name","1","10.45","1","4/14/2009 7:16:44 AM","x"
"1333","20090216","3974","C118-1LB","No Product Name","1","10.95","1","4/14/2009 7:16:44 AM","x"
"1333","20090216","3974","C122-1LB","No Product Name","1","10.45","1","4/14/2009 7:16:44 AM","x"
"1333","20090216","3975","C139-5LB","No Product Name","4","49.95","5","4/14/2009 7:16:44 AM","x"
"1333","20090217","3976","C125-1LB","No Product Name","2","10.95","1","4/14/2009 7:16:44 AM","x"
"1333","20090217","3977","C171-2LB","No Product Name","1","20.95","2","4/14/2009 7:16:44 AM","x"
"1334","20090217","3979","C139-1LB","No Product Name","5","10.95","1","4/14/2009 7:16:44 AM","x"
"1334","20090217","3979","C136-1LB","No Product Name","5","10.95","1","4/14/2009 7:16:44 AM","x"
"1335","20090218","3981","C166-2LB","No Product Name","2","20.95","2","4/14/2009 7:16:44 AM","x"
"1335","20090218","3982","C152-1LB","No Product Name","1","10.95","1","4/14/2009 7:16:44 AM","x"
"1335","20090218","3982","C136-1LB","No Product Name","1","10.95","1","4/14/2009 7:16:44 AM","x"
"1335","20090218","3983","C111-1LB","No Product Name","1","10.45","1","4/14/2009 7:16:44 AM","x"
"1335","20090218","3983","C118-1LB","No Product Name","1","10.95","1","4/14/2009 7:16:44 AM","x"
"1335","20090218","3983","C182-1LB","No Product Name","1","10.95","1","4/14/2009 7:16:44 AM","x"
"1335","20090218","3983","C123-1LB","No Product Name","1","10.95","1","4/14/2009 7:16:44 AM","x"
"1335","20090218","3983","C122-1LB","No Product Name","1","10.45","1","4/14/2009 7:16:44 AM","x"
"1335","20090218","3984","C137-1LB","No Product Name","1","10.95","1","4/14/2009 7:16:44 AM","x"
"1335","20090218","3984","C137-1LB","No Product Name","1","10.95","1","4/14/2009 7:16:44 AM","x"
"1335","20090218","3984","C127-2LB","No Product Name","1","20.95","2","4/14/2009 7:16:44 AM","x"
"1335","20090218","3984","C139-1LB","No Product Name","1","10.95","1","4/14/2009 7:16:44 AM","x"
"1335","20090218","3985","C137-1LB","No Product Name","1","10.95","1","4/14/2009 7:16:44 AM","x"
"1335","20090218","3985","C139-1LB","No Product Name","1","10.95","1","4/14/2009 7:16:44 AM","x"
"1335","20090219","3986","C123-1LB","No Product Name","2","10.95","1","4/14/2009 7:16:44 AM","x"
"1336","20090219","3987","C111-1LB","No Product Name","1","0","0","4/14/2009 7:16:44 AM","x"
"1336","20090219","3987","C131-1LB","No Product Name","1","0","0","4/14/2009 7:16:44 AM","x"
"1336","20090219","3988","C109-8oz","No Product Name","1","0","0","4/14/2009 7:16:44 AM","x"
"1336","20090219","3988","C111-8oz","No Product Name","1","0","0","4/14/2009 7:16:44 AM","x"
"1336","20090219","3988","C116-8oz","No Product Name","1","0","0","4/14/2009 7:16:44 AM","x"
"1336","20090219","3988","C117-8oz","No Product Name","1","0","0","4/14/2009 7:16:44 AM","x"
"1336","20090219","3988","C118-8oz","No Product Name","1","0","0","4/14/2009 7:16:44 AM","x"
"1336","20090219","3988","C122-8oz","No Product Name","1","0","0","4/14/2009 7:16:44 AM","x"
"1336","20090219","3988","C123-8oz","No Product Name","1","0","0","4/14/2009 7:16:44 AM","x"
"1336","20090219","3988","C124-8oz","No Product Name","1","0","0","4/14/2009 7:16:44 AM","x"
"1336","20090219","3988","C129-8oz","No Product Name","1","0","0","4/14/2009 7:16:44 AM","x"
"1336","20090219","3988","C131-8oz","No Product Name","1","0","0","4/14/2009 7:16:44 AM","x"
"1336","20090219","3988","C136-8oz","No Product Name","1","0","0","4/14/2009 7:16:44 AM","x"
"1336","20090219","3988","C137-8oz","No Product Name","1","0","0","4/14/2009 7:16:44 AM","x"
"1336","20090219","3988","C139-8oz","No Product Name","1","0","0","4/14/2009 7:16:44 AM","x"
"1336","20090219","3988","C170-8oz","No Product Name","1","0","0","4/14/2009 7:16:44 AM","x"
"1336","20090220","3989","C137-1LB","No Product Name","1","10.95","1","4/14/2009 7:16:44 AM","x"
"1336","20090220","3989","C136-1LB","No Product Name","1","10.95","1","4/14/2009 7:16:44 AM","x"
"1337","20090220","3990","C122-5LB","No Product Name","6","47.45","5","4/14/2009 7:16:44 AM","x"
"1337","20090221","3991","C160-1LB","No Product Name","1","10.95","1","4/14/2009 7:16:44 AM","x"
"1337","20090221","3991","C179-1LB","No Product Name","1","10.95","1","4/14/2009 7:16:44 AM","x"
"1337","20090221","3992","C123-1LB","No Product Name","2","10.95","1","4/14/2009 7:16:44 AM","x"
"1337","20090221","3992","C109-1LB","No Product Name","1","10.45","1","4/14/2009 7:16:44 AM","x"
"1337","20090221","3992","C137-1LB","No Product Name","1","10.95","1","4/14/2009 7:16:44 AM","x"
"1337","20090221","3993","C124-1LB","No Product Name","5","10.45","1","4/14/2009 7:16:44 AM","x"
"1337","20090221","3994","C137-2LB","No Product Name","1","20.95","2","4/14/2009 7:16:44 AM","x"
"1337","20090221","3994","C152-2LB","No Product Name","1","20.95","2","4/14/2009 7:16:44 AM","x"
"1337","20090221","3994","C179-2LB","No Product Name","1","20.95","2","4/14/2009 7:16:44 AM","x"
"1337","20090221","3995","C182-1LB","No Product Name","1","10.95","1","4/14/2009 7:16:44 AM","x"
"1337","20090221","3995","C123-1LB","No Product Name","1","10.95","1","4/14/2009 7:16:44 AM","x"
"1337","20090221","3995","C139-1LB","No Product Name","1","10.95","1","4/14/2009 7:16:44 AM","x"
"1337","20090221","3995","C137-1LB","No Product Name","1","10.95","1","4/14/2009 7:16:44 AM","x"
"1337","20090221","3996","C151-2LB","No Product Name","1","20.95","2","4/14/2009 7:16:44 AM","x"
"1337","20090221","3996","C109-2LB","No Product Name","1","19.95","2","4/14/2009 7:16:44 AM","x"
"1337","20090222","3997","C116-5LB","No Product Name","1","47.95","5","4/14/2009 7:16:44 AM","x"
"1337","20090222","3998","C151-5LB","No Product Name","1","49.95","5","4/14/2009 7:16:44 AM","x"
"1337","20090222","3999","C166-5LB","No Product Name","1","49.95","5","4/14/2009 7:16:44 AM","x"
"1337","20090222","4000","C124-1LB","No Product Name","1","10.45","1","4/14/2009 7:16:44 AM","x"
"1337","20090222","4000","C157-1LB","No Product Name","1","10.95","1","4/14/2009 7:16:44 AM","x"
"1337","20090223","4001","C124-1LB","No Product Name","1","10.45","1","4/14/2009 7:16:44 AM","x"
"1337","20090223","4001","C123-1LB","No Product Name","1","10.95","1","4/14/2009 7:16:44 AM","x"
"1337","20090223","4002","C118-1LB","No Product Name","1","10.95","1","4/14/2009 7:16:44 AM","x"
"1337","20090223","4002","C123-1LB","No Product Name","1","10.95","1","4/14/2009 7:16:44 AM","x"
"1338","20090223","4003","C150-5LB","No Product Name","2","49.95","5","4/14/2009 7:16:44 AM","x"
"1338","20090223","4005","C155-2LB","No Product Name","1","20.95","2","4/14/2009 7:16:44 AM","x"
"1338","20090223","4005","C152-2LB","No Product Name","1","20.95","2","4/14/2009 7:16:44 AM","x"
"1338","20090223","4006","C118-1LB","No Product Name","1","0","0","4/14/2009 7:16:44 AM","x"
"1338","20090223","4006","C129-1LB","No Product Name","1","0","0","4/14/2009 7:16:44 AM","x"
"1338","20090223","4006","C139-1LB","No Product Name","1","0","0","4/14/2009 7:16:44 AM","x"
"1338","20090223","4007","C118-5LB","No Product Name","1","49.95","5","4/14/2009 7:16:44 AM","x"
"1339","20090224","4008","C136-2LB","No Product Name","1","20.95","2","4/14/2009 7:16:44 AM","x"
"1339","20090224","4009","C166-5LB","No Product Name","1","49.95","5","4/14/2009 7:16:44 AM","x"
"1339","20090224","4009","C170-1LB","No Product Name","1","11.25","1","4/14/2009 7:16:44 AM","x"
"1339","20090224","4010","C124-2LB","No Product Name","1","19.95","2","4/14/2009 7:16:44 AM","x"
"1339","20090224","4010","C123-2LB","No Product Name","1","20.95","2","4/14/2009 7:16:44 AM","x"
"1339","20090224","4011","C151-5LB","No Product Name","1","49.95","5","4/14/2009 7:16:44 AM","x"
"1339","20090224","4013","C131-5LB","No Product Name","1","47.45","5","4/14/2009 7:16:44 AM","x"
"1339","20090224","4015","C157-1LB","No Product Name","1","10.95","1","4/14/2009 7:16:44 AM","x"
"1339","20090224","4015","C156-1LB","No Product Name","1","10.95","1","4/14/2009 7:16:44 AM","x"
"1339","20090225","4016","C162-1LB","No Product Name","1","10.95","1","4/14/2009 7:16:44 AM","x"
"1339","20090225","4017","C122-1LB","No Product Name","1","10.45","1","4/14/2009 7:16:44 AM","x"
"1339","20090225","4017","C129-1LB","No Product Name","1","10.45","1","4/14/2009 7:16:44 AM","x"
"1339","20090225","4017","C124-1LB","No Product Name","1","10.45","1","4/14/2009 7:16:44 AM","x"
"1339","20090225","4018","C131-1LB","No Product Name","1","10.45","1","4/14/2009 7:16:44 AM","x"
"1339","20090225","4018","C124-1LB","No Product Name","1","10.45","1","4/14/2009 7:16:44 AM","x"
"1340","20090225","4020","C124-2LB","No Product Name","1","19.95","2","4/14/2009 7:16:44 AM","x"
"1340","20090225","4020","C170-2LB","No Product Name","1","20.95","2","4/14/2009 7:16:44 AM","x"
"1340","20090225","4022","C166-2LB","No Product Name","1","20.95","2","4/14/2009 7:16:44 AM","x"
"1340","20090225","4023","C150-2LB","No Product Name","1","20.95","2","4/14/2009 7:16:44 AM","x"
"1340","20090226","4024","C152-5LB","No Product Name","1","49.95","5","4/14/2009 7:16:44 AM","x"
"1341","20090226","4025","C150-1LB","No Product Name","2","10.95","1","4/14/2009 7:16:44 AM","x"
"1341","20090226","4026","C111-1LB","No Product Name","1","10.45","1","4/14/2009 7:16:44 AM","x"
"1341","20090226","4027","C116-2LB","No Product Name","1","19.95","2","4/14/2009 7:16:44 AM","x"
"1341","20090226","4027","C124-2LB","No Product Name","1","19.95","2","4/14/2009 7:16:44 AM","x"
"1342","20090226","4030","C118-2LB","No Product Name","1","20.95","2","4/14/2009 7:16:44 AM","x"
"1342","20090226","4031","C124-2LB","No Product Name","1","19.95","2","4/14/2009 7:16:44 AM","x"
"1342","20090226","4032","C139-1LB","No Product Name","1","10.95","1","4/14/2009 7:16:44 AM","x"
"1342","20090226","4033","C154-1LB","No Product Name","1","10.95","1","4/14/2009 7:16:44 AM","x"
"1342","20090226","4033","C157-1LB","No Product Name","1","10.95","1","4/14/2009 7:16:44 AM","x"
"1342","20090226","4034","C124-1LB","No Product Name","1","10.45","1","4/14/2009 7:16:44 AM","x"
"1342","20090226","4034","C118-1LB","No Product Name","1","10.95","1","4/14/2009 7:16:44 AM","x"
"1342","20090226","4034","C137-1LB","No Product Name","1","10.95","1","4/14/2009 7:16:44 AM","x"
"1342","20090226","4035","C136-2LB","No Product Name","2","20.95","2","4/14/2009 7:16:44 AM","x"
"1345","20090227","4037","C124-2LB","No Product Name","1","19.95","2","4/14/2009 7:16:44 AM","x"
"1345","20090228","4038","C165-5LB","No Product Name","1","49.95","5","4/14/2009 7:16:44 AM","x"
"1345","20090228","4038","C166-5LB","No Product Name","1","49.95","5","4/14/2009 7:16:44 AM","x"
"1345","20090228","4038","C111-2LB","No Product Name","1","19.95","2","4/14/2009 7:16:44 AM","x"
"1345","20090228","4038","C124-1LB","No Product Name","1","10.45","1","4/14/2009 7:16:44 AM","x"
"1345","20090228","4039","C156-1LB","No Product Name","2","10.95","1","4/14/2009 7:16:44 AM","x"
"1345","20090228","4039","C127-1LB","No Product Name","2","10.95","1","4/14/2009 7:16:44 AM","x"
"1345","20090228","4040","C137-1LB","No Product Name","1","10.95","1","4/14/2009 7:16:44 AM","x"
"1345","20090228","4040","C172-1LB","No Product Name","1","11.25","1","4/14/2009 7:16:44 AM","x"
"1345","20090228","4040","C152-1LB","No Product Name","1","10.95","1","4/14/2009 7:16:44 AM","x"
"1345","20090228","4040","C179-1LB","No Product Name","1","10.95","1","4/14/2009 7:16:44 AM","x"
"1345","20090228","4041","C182-2LB","No Product Name","2","20.95","2","4/14/2009 7:16:44 AM","x"
"1345","20090228","4042","C139-1LB","No Product Name","1","10.95","1","4/14/2009 7:16:44 AM","x"
"1345","20090228","4042","C123-1LB","No Product Name","1","10.95","1","4/14/2009 7:16:44 AM","x"
"1345","20090228","4043","C127-2LB","No Product Name","1","20.95","2","4/14/2009 7:16:44 AM","x"
"1345","20090228","4044","C166-2LB","No Product Name","1","20.95","2","4/14/2009 7:16:44 AM","x"
"1345","20090301","4045","C123-2LB","No Product Name","1","20.95","2","4/14/2009 7:16:44 AM","x"
"1345","20090301","4045","C170-1LB","No Product Name","1","11.25","1","4/14/2009 7:16:44 AM","x"
"1345","20090301","4046","C155-5LB","No Product Name","1","49.95","5","4/14/2009 7:16:44 AM","x"
"1345","20090301","4048","C155-1LB","No Product Name","1","10.95","1","4/14/2009 7:16:44 AM","x"
"1345","20090301","4049","C157-2LB","No Product Name","1","20.95","2","4/14/2009 7:16:44 AM","x"
"1345","20090301","4049","C131-1LB","No Product Name","1","10.45","1","4/14/2009 7:16:44 AM","x"
"1345","20090301","4050","C116-1LB","No Product Name","1","10.45","1","4/14/2009 7:16:44 AM","x"
"1345","20090301","4050","C109-1LB","No Product Name","1","10.45","1","4/14/2009 7:16:44 AM","x"
"1345","20090301","4050","C123-1LB","No Product Name","1","10.95","1","4/14/2009 7:16:44 AM","x"
"1345","20090301","4050","C127-1LB","No Product Name","1","10.95","1","4/14/2009 7:16:44 AM","x"
"1345","20090301","4051","C125-5LB","No Product Name","1","49.95","5","4/14/2009 7:16:44 AM","x"
"1345","20090301","4052","C139-2LB","No Product Name","3","20.95","2","4/14/2009 7:16:44 AM","x"
"1345","20090301","4053","C109-5LB","No Product Name","1","47.45","5","4/14/2009 7:16:44 AM","x"
"1345","20090301","4055","C156-1LB","No Product Name","2","10.95","1","4/14/2009 7:16:44 AM","x"
"1345","20090301","4055","C155-1LB","No Product Name","1","10.95","1","4/14/2009 7:16:44 AM","x"
"1345","20090301","4056","C129-1LB","No Product Name","2","10.45","1","4/14/2009 7:16:44 AM","x"
"1345","20090301","4057","C172-1LB","No Product Name","1","11.25","1","4/14/2009 7:16:44 AM","x"
"1345","20090301","4058","C118-1LB","No Product Name","1","0","0","4/14/2009 7:16:44 AM","x"
"1345","20090301","4058","C125-1LB","No Product Name","1","0","0","4/14/2009 7:16:44 AM","x"
"1345","20090301","4059","C111-1LB","No Product Name","1","0","0","4/14/2009 7:16:44 AM","x"
"1345","20090301","4059","C131-1LB","No Product Name","1","0","0","4/14/2009 7:16:44 AM","x"
"1345","20090302","4060","C127-5LB","No Product Name","0","49.95","5","4/14/2009 7:16:44 AM","x"
"1345","20090302","4061","C155-2LB","No Product Name","1","20.95","2","4/14/2009 7:16:44 AM","x"
"1345","20090302","4061","C170-2LB","No Product Name","1","20.95","2","4/14/2009 7:16:44 AM","x"
"1345","20090302","4061","C170-1LB","No Product Name","1","11.25","1","4/14/2009 7:16:44 AM","x"
"1345","20090302","4062","C127-2LB","No Product Name","1","20.95","2","4/14/2009 7:16:44 AM","x"
"1345","20090302","4062","C153-2LB","No Product Name","1","20.95","2","4/14/2009 7:16:44 AM","x"
"1346","20090302","4063","C136-1LB","No Product Name","12","10.95","1","4/14/2009 7:16:44 AM","x"
"1348","20090303","4065","C137-1LB","No Product Name","1","10.95","1","4/14/2009 7:16:44 AM","x"
"1348","20090303","4065","C171-2LB","No Product Name","1","20.95","2","4/14/2009 7:16:44 AM","x"
"1348","20090303","4066","C165-2LB","No Product Name","1","20.95","2","4/14/2009 7:16:44 AM","x"
"1348","20090303","4066","C166-2LB","No Product Name","1","20.95","2","4/14/2009 7:16:44 AM","x"
"1348","20090303","4067","C123-1LB","No Product Name","1","10.95","1","4/14/2009 7:16:44 AM","x"
"1348","20090303","4067","C165-1LB","No Product Name","2","10.95","1","4/14/2009 7:16:44 AM","x"
"1348","20090303","4067","C171-1LB","No Product Name","1","11.25","1","4/14/2009 7:16:44 AM","x"
"1348","20090303","4068","C139-1LB","No Product Name","2","10.95","1","4/14/2009 7:16:44 AM","x"
"1348","20090303","4069","C127-1LB","No Product Name","1","10.95","1","4/14/2009 7:16:44 AM","x"
"1348","20090303","4069","C125-2LB","No Product Name","1","20.95","2","4/14/2009 7:16:44 AM","x"
"1348","20090303","4070","C171-1LB","No Product Name","3","11.25","1","4/14/2009 7:16:44 AM","x"
"1348","20090303","4070","C152-1LB","No Product Name","1","10.95","1","4/14/2009 7:16:44 AM","x"
"1348","20090303","4070","C182-1LB","No Product Name","1","10.95","1","4/14/2009 7:16:44 AM","x"
"1348","20090303","4070","C150-1LB","No Product Name","1","10.95","1","4/14/2009 7:16:44 AM","x"
"1348","20090303","4070","C170-1LB","No Product Name","1","11.25","1","4/14/2009 7:16:44 AM","x"
"1349","20090303","4071","C124-1LB","No Product Name","1","10.45","1","4/14/2009 7:16:44 AM","x"
"1349","20090303","4071","C150-1LB","No Product Name","1","10.95","1","4/14/2009 7:16:44 AM","x"
"1349","20090304","4072","C124-2LB","No Product Name","1","19.95","2","4/14/2009 7:16:44 AM","x"
"1349","20090304","4073","C122-5LB","No Product Name","1","47.45","5","4/14/2009 7:16:44 AM","x"
"1349","20090304","4074","C157-2LB","No Product Name","1","20.95","2","4/14/2009 7:16:44 AM","x"
"1349","20090304","4074","C153-1LB","No Product Name","1","10.95","1","4/14/2009 7:16:44 AM","x"
"1350","20090304","4075","C137-2LB","No Product Name","1","20.95","2","4/14/2009 7:16:44 AM","x"
"1350","20090304","4076","C124-1LB","No Product Name","8","10.45","1","4/14/2009 7:16:44 AM","x"
"1350","20090304","4076","C124-1LB","No Product Name","2","10.45","1","4/14/2009 7:16:44 AM","x"
"1350","20090304","4078","C137-5LB","No Product Name","1","49.95","5","4/14/2009 7:16:44 AM","x"
"1350","20090304","4078","C171-1LB","No Product Name","1","11.25","1","4/14/2009 7:16:44 AM","x"
"1350","20090304","4079","C123-1LB","No Product Name","2","10.95","1","4/14/2009 7:16:44 AM","x"
"1350","20090304","4079","C170-1LB","No Product Name","2","11.25","1","4/14/2009 7:16:44 AM","x"
"1350","20090304","4080","C111-2LB","No Product Name","1","19.95","2","4/14/2009 7:16:44 AM","x"
"1350","20090304","4080","C171-2LB","No Product Name","1","20.95","2","4/14/2009 7:16:44 AM","x"
"1350","20090304","4081","C124-2LB","No Product Name","1","19.95","2","4/14/2009 7:16:44 AM","x"
"1350","20090304","4081","C123-1LB","No Product Name","1","10.95","1","4/14/2009 7:16:44 AM","x"
"1350","20090305","4082","C156-1LB","No Product Name","1","10.95","1","4/14/2009 7:16:44 AM","x"
"1350","20090305","4082","C170-1LB","No Product Name","1","11.25","1","4/14/2009 7:16:44 AM","x"
"1351","20090305","4083","C171-1LB","No Product Name","1","11.25","1","4/14/2009 7:16:44 AM","x"
"1351","20090305","4083","C165-1LB","No Product Name","1","10.95","1","4/14/2009 7:16:44 AM","x"
"1351","20090305","4083","C166-1LB","No Product Name","1","10.95","1","4/14/2009 7:16:44 AM","x"
"1351","20090305","4085","C153-2LB","No Product Name","1","20.95","2","4/14/2009 7:16:44 AM","x"
"1351","20090305","4085","C152-1LB","No Product Name","1","10.95","1","4/14/2009 7:16:44 AM","x"
"1351","20090305","4086","C152-1LB","No Product Name","1","10.95","1","4/14/2009 7:16:44 AM","x"
"1351","20090305","4086","C155-1LB","No Product Name","1","10.95","1","4/14/2009 7:16:44 AM","x"
"1351","20090305","4086","C155-2LB","No Product Name","1","20.95","2","4/14/2009 7:16:44 AM","x"
"1351","20090305","4086","C150-1LB","No Product Name","1","10.95","1","4/14/2009 7:16:44 AM","x"
"1352","20090306","4087","C124-5LB","No Product Name","1","47.45","5","4/14/2009 7:16:44 AM","x"
"1352","20090307","4088","C118-1LB","No Product Name","1","0","0","4/14/2009 7:16:44 AM","x"
"1352","20090307","4088","C125-1LB","No Product Name","1","0","0","4/14/2009 7:16:44 AM","x"
"1352","20090307","4089","C129-1LB","No Product Name","1","10.45","1","4/14/2009 7:16:44 AM","x"
"1352","20090307","4089","C124-1LB","No Product Name","1","10.45","1","4/14/2009 7:16:44 AM","x"
"1352","20090307","4090","C124-1LB","No Product Name","2","10.45","1","4/14/2009 7:16:44 AM","x"
"1352","20090307","4092","C123-1LB","No Product Name","1","10.95","1","4/14/2009 7:16:44 AM","x"
"1352","20090307","4092","C127-1LB","No Product Name","1","10.95","1","4/14/2009 7:16:44 AM","x"
"1352","20090307","4093","C122-1LB","No Product Name","1","10.45","1","4/14/2009 7:16:44 AM","x"
"1352","20090308","4094","C157-2LB","No Product Name","1","20.95","2","4/14/2009 7:16:44 AM","x"
"1352","20090308","4095","C109-1LB","No Product Name","1","10.45","1","4/14/2009 7:16:44 AM","x"
"1352","20090308","4095","C137-1LB","No Product Name","1","10.95","1","4/14/2009 7:16:44 AM","x"
"1352","20090308","4096","C152-1LB","No Product Name","1","10.95","1","4/14/2009 7:16:44 AM","x"
"1352","20090308","4096","C153-1LB","No Product Name","1","10.95","1","4/14/2009 7:16:44 AM","x"
"1352","20090308","4096","C137-1LB","No Product Name","1","10.95","1","4/14/2009 7:16:44 AM","x"
"1352","20090308","4097","C122-5LB","No Product Name","1","47.45","5","4/14/2009 7:16:44 AM","x"
"1352","20090308","4098","C123-1LB","No Product Name","2","10.95","1","4/14/2009 7:16:44 AM","x"
"1352","20090308","4099","C137-1LB","No Product Name","1","10.95","1","4/14/2009 7:16:44 AM","x"
"1352","20090308","4099","C131-1LB","No Product Name","1","10.45","1","4/14/2009 7:16:44 AM","x"
"1352","20090308","4101","C123-5LB","No Product Name","1","49.95","5","4/14/2009 7:16:44 AM","x"
"1352","20090308","4101","C171-5LB","No Product Name","1","52.95","5","4/14/2009 7:16:44 AM","x"
"1352","20090308","4102","C159-5LB","No Product Name","1","49.95","5","4/14/2009 7:16:44 AM","x"
"1352","20090309","4103","C118-2LB","No Product Name","3","20.95","2","4/14/2009 7:16:44 AM","x"
"1352","20090309","4104","C139-1LB","No Product Name","1","10.95","1","4/14/2009 7:16:44 AM","x"
"1352","20090309","4104","C137-1LB","No Product Name","1","10.95","1","4/14/2009 7:16:44 AM","x"
"1354","20090309","4105","C171-1LB","No Product Name","1","11.25","1","4/14/2009 7:16:44 AM","x"
"1354","20090309","4105","C139-1LB","No Product Name","1","10.95","1","4/14/2009 7:16:44 AM","x"
"1354","20090309","4105","C124-1LB","No Product Name","1","10.45","1","4/14/2009 7:16:44 AM","x"
"1354","20090309","4106","C170-1LB","No Product Name","2","11.25","1","4/14/2009 7:16:44 AM","x"
"1354","20090309","4107","C165-5LB","No Product Name","1","49.95","5","4/14/2009 7:16:44 AM","x"
"1354","20090309","4109","C155-2LB","No Product Name","1","20.95","2","4/14/2009 7:16:44 AM","x"
"1354","20090309","4109","C170-1LB","No Product Name","1","11.25","1","4/14/2009 7:16:44 AM","x"
"1354","20090309","4110","C182-1LB","No Product Name","1","10.95","1","4/14/2009 7:16:44 AM","x"
"1354","20090309","4110","C127-1LB","No Product Name","1","10.95","1","4/14/2009 7:16:44 AM","x"
"1354","20090309","4110","C157-1LB","No Product Name","1","10.95","1","4/14/2009 7:16:44 AM","x"
"1354","20090309","4110","C154-1LB","No Product Name","1","10.95","1","4/14/2009 7:16:44 AM","x"
"1354","20090309","4111","C137-5LB","No Product Name","1","49.95","5","4/14/2009 7:16:44 AM","x"
"1354","20090309","4112","C111-1LB","No Product Name","1","10.45","1","4/14/2009 7:16:44 AM","x"
"1354","20090310","4113","C182-5LB","No Product Name","1","49.95","5","4/14/2009 7:16:44 AM","x"
"1354","20090310","4114","C165-1LB","No Product Name","5","10.95","1","4/14/2009 7:16:44 AM","x"
"1355","20090310","4115","C159-1LB","No Product Name","1","10.95","1","4/14/2009 7:16:44 AM","x"
"1355","20090310","4115","C153-1LB","No Product Name","2","10.95","1","4/14/2009 7:16:44 AM","x"
"1355","20090310","4115","C129-1LB","No Product Name","1","10.45","1","4/14/2009 7:16:44 AM","x"
"1355","20090310","4115","C123-1LB","No Product Name","1","10.95","1","4/14/2009 7:16:44 AM","x"
"1355","20090310","4118","C129-2LB","No Product Name","1","19.95","2","4/14/2009 7:16:44 AM","x"
"1355","20090310","4119","C182-2LB","No Product Name","1","20.95","2","4/14/2009 7:16:44 AM","x"
"1355","20090310","4120","C152-5LB","No Product Name","1","49.95","5","4/14/2009 7:16:44 AM","x"
"1355","20090310","4120","C179-2LB","No Product Name","1","20.95","2","4/14/2009 7:16:44 AM","x"
"1355","20090310","4121","C118-2LB","No Product Name","6","20.95","2","4/14/2009 7:16:44 AM","x"
"1355","20090310","4122","C139-2LB","No Product Name","1","20.95","2","4/14/2009 7:16:44 AM","x"
"1355","20090310","4122","C153-2LB","No Product Name","1","20.95","2","4/14/2009 7:16:44 AM","x"
"1355","20090310","4123","C155-1LB","No Product Name","1","10.95","1","4/14/2009 7:16:44 AM","x"
"1355","20090310","4123","C151-1LB","No Product Name","1","10.95","1","4/14/2009 7:16:44 AM","x"
"1355","20090310","4124","C118-1LB","No Product Name","1","0","0","4/14/2009 7:16:44 AM","x"
"1355","20090310","4124","C125-1LB","No Product Name","1","0","0","4/14/2009 7:16:44 AM","x"
"1356","20090311","4126","C139-1LB","No Product Name","1","10.95","1","4/14/2009 7:16:44 AM","x"
"1356","20090311","4126","C123-1LB","No Product Name","1","10.95","1","4/14/2009 7:16:44 AM","x"
"1356","20090311","4127","C111-1LB","No Product Name","1","10.45","1","4/14/2009 7:16:44 AM","x"
"1356","20090311","4127","C122-1LB","No Product Name","1","10.45","1","4/14/2009 7:16:44 AM","x"
"1356","20090311","4128","C129-1LB","No Product Name","1","10.45","1","4/14/2009 7:16:44 AM","x"
"1356","20090311","4129","C153-2LB","No Product Name","1","20.95","2","4/14/2009 7:16:44 AM","x"
"1356","20090311","4129","C123-1LB","No Product Name","1","10.95","1","4/14/2009 7:16:44 AM","x"
"1356","20090311","4130","C152-5LB","No Product Name","1","49.95","5","4/14/2009 7:16:44 AM","x"
"1356","20090311","4131","C170-1LB","No Product Name","3","11.25","1","4/14/2009 7:16:44 AM","x"
"1356","20090311","4131","C118-1LB","No Product Name","1","10.95","1","4/14/2009 7:16:44 AM","x"
"1356","20090311","4131","C127-1LB","No Product Name","1","10.95","1","4/14/2009 7:16:44 AM","x"
"1356","20090311","4131","C125-1LB","No Product Name","1","10.95","1","4/14/2009 7:16:44 AM","x"
"1356","20090311","4132","C139-2LB","No Product Name","1","20.95","2","4/14/2009 7:16:44 AM","x"
"1356","20090311","4132","C118-2LB","No Product Name","1","20.95","2","4/14/2009 7:16:44 AM","x"
"1356","20090311","4132","C170-2LB","No Product Name","1","20.95","2","4/14/2009 7:16:44 AM","x"
"1356","20090311","4132","C171-2LB","No Product Name","1","20.95","2","4/14/2009 7:16:44 AM","x"
"1356","20090311","4133","C182-1LB","No Product Name","1","10.95","1","4/14/2009 7:16:44 AM","x"
"1356","20090311","4133","C123-1LB","No Product Name","1","10.95","1","4/14/2009 7:16:44 AM","x"
"1356","20090311","4133","C139-1LB","No Product Name","1","10.95","1","4/14/2009 7:16:44 AM","x"
"1356","20090311","4133","C111-1LB","No Product Name","1","10.45","1","4/14/2009 7:16:44 AM","x"
"1356","20090311","4133","C118-1LB","No Product Name","1","10.95","1","4/14/2009 7:16:44 AM","x"
"1357","20090312","4141","C122-2LB","No Product Name","1","19.95","2","4/14/2009 7:16:44 AM","x"
"1359","20090312","4142","C151-1LB","No Product Name","1","10.95","1","4/14/2009 7:16:44 AM","x"
"1359","20090312","4142","C111-1LB","No Product Name","1","0","0","4/14/2009 7:16:44 AM","x"
"1359","20090312","4142","C122-1LB","No Product Name","1","0","0","4/14/2009 7:16:44 AM","x"
"1359","20090312","4142","C137-1LB","No Product Name","1","0","0","4/14/2009 7:16:44 AM","x"
"1359","20090312","4143","C111-1LB","No Product Name","1","0","0","4/14/2009 7:16:44 AM","x"
"1359","20090312","4143","C122-1LB","No Product Name","1","0","0","4/14/2009 7:16:44 AM","x"
"1359","20090312","4143","C137-1LB","No Product Name","1","0","0","4/14/2009 7:16:44 AM","x"
"1359","20090312","4144","C111-1LB","No Product Name","1","0","0","4/14/2009 7:16:44 AM","x"
"1359","20090312","4144","C122-1LB","No Product Name","1","0","0","4/14/2009 7:16:44 AM","x"
"1359","20090312","4144","C137-1LB","No Product Name","1","0","0","4/14/2009 7:16:44 AM","x"
"1359","20090312","4145","C111-1LB","No Product Name","1","0","0","4/14/2009 7:16:44 AM","x"
"1359","20090312","4145","C122-1LB","No Product Name","1","0","0","4/14/2009 7:16:44 AM","x"
"1359","20090312","4145","C137-1LB","No Product Name","1","0","0","4/14/2009 7:16:44 AM","x"
"1359","20090312","4134","C171-2LB","No Product Name","1","20.95","2","4/14/2009 7:16:44 AM","x"
"1359","20090312","4134","C111-1LB","No Product Name","1","0","0","4/14/2009 7:16:44 AM","x"
"1359","20090312","4134","C122-1LB","No Product Name","1","0","0","4/14/2009 7:16:44 AM","x"
"1359","20090312","4134","C137-1LB","No Product Name","1","0","0","4/14/2009 7:16:44 AM","x"
"1359","20090312","4135","C111-1LB","No Product Name","1","0","0","4/14/2009 7:16:44 AM","x"
"1359","20090312","4135","C122-1LB","No Product Name","1","0","0","4/14/2009 7:16:44 AM","x"
"1359","20090312","4135","C137-1LB","No Product Name","1","0","0","4/14/2009 7:16:44 AM","x"
"1359","20090312","4136","C123-2LB","No Product Name","2","20.95","2","4/14/2009 7:16:44 AM","x"
"1359","20090312","4137","C111-1LB","No Product Name","1","0","0","4/14/2009 7:16:44 AM","x"
"1359","20090312","4137","C122-1LB","No Product Name","1","0","0","4/14/2009 7:16:44 AM","x"
"1359","20090312","4137","C137-1LB","No Product Name","1","0","0","4/14/2009 7:16:44 AM","x"
"1359","20090312","4138","C111-1LB","No Product Name","1","0","0","4/14/2009 7:16:44 AM","x"
"1359","20090312","4138","C122-1LB","No Product Name","1","0","0","4/14/2009 7:16:44 AM","x"
"1359","20090312","4138","C137-1LB","No Product Name","1","0","0","4/14/2009 7:16:44 AM","x"
"1359","20090312","4139","C123-2LB","No Product Name","1","20.95","2","4/14/2009 7:16:44 AM","x"
"1359","20090312","4139","C139-2LB","No Product Name","1","20.95","2","4/14/2009 7:16:44 AM","x"
"1359","20090312","4140","C111-1LB","No Product Name","1","0","0","4/14/2009 7:16:44 AM","x"
"1359","20090312","4140","C122-1LB","No Product Name","1","0","0","4/14/2009 7:16:44 AM","x"
"1359","20090312","4140","C137-1LB","No Product Name","1","0","0","4/14/2009 7:16:44 AM","x"
"1359","20090312","4140","C111-1LB","No Product Name","1","0","0","4/14/2009 7:16:44 AM","x"
"1359","20090312","4140","C122-1LB","No Product Name","1","0","0","4/14/2009 7:16:44 AM","x"
"1359","20090312","4140","C137-1LB","No Product Name","1","0","0","4/14/2009 7:16:44 AM","x"
"1360","20090312","4146","C124-2LB","No Product Name","1","19.95","2","4/14/2009 7:16:44 AM","x"
"1360","20090312","4146","C131-2LB","No Product Name","5","19.95","2","4/14/2009 7:16:44 AM","x"
"1360","20090312","4147","C111-1LB","No Product Name","1","0","0","4/14/2009 7:16:44 AM","x"
"1360","20090312","4147","C122-1LB","No Product Name","1","0","0","4/14/2009 7:16:44 AM","x"
"1360","20090312","4147","C137-1LB","No Product Name","1","0","0","4/14/2009 7:16:44 AM","x"
"1360","20090312","4148","C124-1LB","No Product Name","2","10.45","1","4/14/2009 7:16:44 AM","x"
"1360","20090312","4148","C137-1LB","No Product Name","1","10.95","1","4/14/2009 7:16:44 AM","x"
"1360","20090312","4149","C111-1LB","No Product Name","1","0","0","4/14/2009 7:16:44 AM","x"
"1360","20090312","4149","C122-1LB","No Product Name","1","0","0","4/14/2009 7:16:44 AM","x"
"1360","20090312","4149","C137-1LB","No Product Name","1","0","0","4/14/2009 7:16:44 AM","x"
"1360","20090312","4150","C122-5LB","No Product Name","1","47.45","5","4/14/2009 7:16:44 AM","x"
"1360","20090312","4150","C170-5LB","No Product Name","1","52.95","5","4/14/2009 7:16:44 AM","x"
"1360","20090312","4151","C111-1LB","No Product Name","1","0","0","4/14/2009 7:16:44 AM","x"
"1360","20090312","4151","C122-1LB","No Product Name","1","0","0","4/14/2009 7:16:44 AM","x"
"1360","20090312","4151","C137-1LB","No Product Name","1","0","0","4/14/2009 7:16:44 AM","x"
"1360","20090312","4151","C172-2LB","No Product Name","1","20.95","2","4/14/2009 7:16:44 AM","x"
"1360","20090312","4151","C156-1LB","No Product Name","1","10.95","1","4/14/2009 7:16:44 AM","x"
"1360","20090312","4152","C154-1LB","No Product Name","1","10.95","1","4/14/2009 7:16:44 AM","x"
"1360","20090312","4152","C153-1LB","No Product Name","1","10.95","1","4/14/2009 7:16:44 AM","x"
"1360","20090312","4153","C122-1LB","No Product Name","1","10.45","1","4/14/2009 7:16:44 AM","x"
"1360","20090312","4153","C124-1LB","No Product Name","1","10.45","1","4/14/2009 7:16:44 AM","x"
"1360","20090312","4154","C150-1LB","No Product Name","1","10.95","1","4/14/2009 7:16:44 AM","x"
"1360","20090312","4154","C166-1LB","No Product Name","1","10.95","1","4/14/2009 7:16:44 AM","x"
"1360","20090312","4154","C124-1LB","No Product Name","1","10.45","1","4/14/2009 7:16:44 AM","x"
"1360","20090312","4155","C111-1LB","No Product Name","1","0","0","4/14/2009 7:16:44 AM","x"
"1360","20090312","4155","C122-1LB","No Product Name","1","0","0","4/14/2009 7:16:44 AM","x"
"1360","20090312","4155","C137-1LB","No Product Name","1","0","0","4/14/2009 7:16:44 AM","x"
"1360","20090312","4156","C111-1LB","No Product Name","1","0","0","4/14/2009 7:16:44 AM","x"
"1360","20090312","4156","C122-1LB","No Product Name","1","0","0","4/14/2009 7:16:44 AM","x"
"1360","20090312","4156","C137-1LB","No Product Name","1","0","0","4/14/2009 7:16:44 AM","x"
"1360","20090313","4157","C111-1LB","No Product Name","1","0","0","4/14/2009 7:16:44 AM","x"
"1360","20090313","4157","C122-1LB","No Product Name","1","0","0","4/14/2009 7:16:44 AM","x"
"1360","20090313","4157","C137-1LB","No Product Name","1","0","0","4/14/2009 7:16:44 AM","x"
"1360","20090313","4160","C111-1LB","No Product Name","1","0","0","4/14/2009 7:16:44 AM","x"
"1360","20090313","4160","C122-1LB","No Product Name","1","0","0","4/14/2009 7:16:44 AM","x"
"1360","20090313","4160","C137-1LB","No Product Name","1","0","0","4/14/2009 7:16:44 AM","x"
"1361","20090313","4161","C111-1LB","No Product Name","1","0","0","4/14/2009 7:16:44 AM","x"
"1361","20090313","4161","C122-1LB","No Product Name","1","0","0","4/14/2009 7:16:44 AM","x"
"1361","20090313","4161","C137-1LB","No Product Name","1","0","0","4/14/2009 7:16:44 AM","x"
"1361","20090313","4158","C111-1LB","No Product Name","1","0","0","4/14/2009 7:16:44 AM","x"
"1361","20090313","4158","C122-1LB","No Product Name","1","0","0","4/14/2009 7:16:44 AM","x"
"1361","20090313","4158","C137-1LB","No Product Name","1","0","0","4/14/2009 7:16:44 AM","x"
"1361","20090313","4159","C111-1LB","No Product Name","1","0","0","4/14/2009 7:16:44 AM","x"
"1361","20090313","4159","C122-1LB","No Product Name","1","0","0","4/14/2009 7:16:44 AM","x"
"1361","20090313","4159","C137-1LB","No Product Name","1","0","0","4/14/2009 7:16:44 AM","x"
"1362","20090313","4162","C111-1LB","No Product Name","1","0","0","4/14/2009 7:16:44 AM","x"
"1362","20090313","4162","C122-1LB","No Product Name","1","0","0","4/14/2009 7:16:44 AM","x"
"1362","20090313","4162","C137-1LB","No Product Name","1","0","0","4/14/2009 7:16:44 AM","x"
"1362","20090313","4163","C111-1LB","No Product Name","1","0","0","4/14/2009 7:16:44 AM","x"
"1362","20090313","4163","C122-1LB","No Product Name","1","0","0","4/14/2009 7:16:44 AM","x"
"1362","20090313","4163","C137-1LB","No Product Name","1","0","0","4/14/2009 7:16:44 AM","x"
"1362","20090313","4164","C111-1LB","No Product Name","1","0","0","4/14/2009 7:16:44 AM","x"
"1362","20090313","4164","C122-1LB","No Product Name","1","0","0","4/14/2009 7:16:44 AM","x"
"1362","20090313","4164","C137-1LB","No Product Name","1","0","0","4/14/2009 7:16:44 AM","x"
"1362","20090313","4164","C153-1LB","No Product Name","1","10.95","1","4/14/2009 7:16:44 AM","x"
"1362","20090313","4165","C124-1LB","No Product Name","1","10.45","1","4/14/2009 7:16:44 AM","x"
"1362","20090314","4166","C170-1LB","No Product Name","4","11.25","1","4/14/2009 7:16:44 AM","x"
"1362","20090314","4167","C122-1LB","No Product Name","1","10.45","1","4/14/2009 7:16:44 AM","x"
"1362","20090314","4167","C116-1LB","No Product Name","1","10.45","1","4/14/2009 7:16:44 AM","x"
"1362","20090314","4168","C171-1LB","No Product Name","4","11.25","1","4/14/2009 7:16:44 AM","x"
"1362","20090314","4169","C111-1LB","No Product Name","1","0","0","4/14/2009 7:16:44 AM","x"
"1362","20090314","4169","C122-1LB","No Product Name","1","0","0","4/14/2009 7:16:44 AM","x"
"1362","20090314","4169","C137-1LB","No Product Name","1","0","0","4/14/2009 7:16:44 AM","x"
"1362","20090314","4170","C123-1LB","No Product Name","1","10.95","1","4/14/2009 7:16:44 AM","x"
"1362","20090314","4170","C118-1LB","No Product Name","1","10.95","1","4/14/2009 7:16:44 AM","x"
"1362","20090314","4171","C111-1LB","No Product Name","1","0","0","4/14/2009 7:16:44 AM","x"
"1362","20090314","4171","C122-1LB","No Product Name","1","0","0","4/14/2009 7:16:44 AM","x"
"1362","20090314","4171","C137-1LB","No Product Name","1","0","0","4/14/2009 7:16:44 AM","x"
"1362","20090315","4172","C182-2LB","No Product Name","1","20.95","2","4/14/2009 7:16:44 AM","x"
"1362","20090315","4172","C139-1LB","No Product Name","1","10.95","1","4/14/2009 7:16:44 AM","x"
"1362","20090315","4172","C127-2LB","No Product Name","1","20.95","2","4/14/2009 7:16:44 AM","x"
"1362","20090315","4173","C131-1LB","No Product Name","1","10.45","1","4/14/2009 7:16:44 AM","x"
"1362","20090315","4174","C154-2LB","No Product Name","1","20.95","2","4/14/2009 7:16:44 AM","x"
"1362","20090315","4174","C153-2LB","No Product Name","1","20.95","2","4/14/2009 7:16:44 AM","x"
"1362","20090315","4175","C111-1LB","No Product Name","1","0","0","4/14/2009 7:16:44 AM","x"
"1362","20090315","4175","C122-1LB","No Product Name","1","0","0","4/14/2009 7:16:44 AM","x"
"1362","20090315","4175","C137-1LB","No Product Name","1","0","0","4/14/2009 7:16:44 AM","x"
"1362","20090315","4176","C166-2LB","No Product Name","1","20.95","2","4/14/2009 7:16:44 AM","x"
"1362","20090315","4177","C131-5LB","No Product Name","1","47.45","5","4/14/2009 7:16:44 AM","x"
"1362","20090315","4178","C111-1LB","No Product Name","1","0","0","4/14/2009 7:16:44 AM","x"
"1362","20090315","4178","C122-1LB","No Product Name","1","0","0","4/14/2009 7:16:44 AM","x"
"1362","20090315","4178","C137-1LB","No Product Name","1","0","0","4/14/2009 7:16:44 AM","x"
"1362","20090315","4179","C111-1LB","No Product Name","1","0","0","4/14/2009 7:16:44 AM","x"
"1362","20090315","4179","C122-1LB","No Product Name","1","0","0","4/14/2009 7:16:44 AM","x"
"1362","20090315","4179","C137-1LB","No Product Name","1","0","0","4/14/2009 7:16:44 AM","x"
"1362","20090315","4180","C109-1LB","No Product Name","2","10.45","1","4/14/2009 7:16:44 AM","x"
"1362","20090316","4181","C150-1LB","No Product Name","1","0","0","4/14/2009 7:16:44 AM","x"
"1362","20090316","4181","C151-1LB","No Product Name","1","0","0","4/14/2009 7:16:44 AM","x"
"1362","20090316","4181","C152-1LB","No Product Name","1","0","0","4/14/2009 7:16:44 AM","x"
"1362","20090316","4182","C162-1LB","No Product Name","1","10.95","1","4/14/2009 7:16:44 AM","x"
"1362","20090316","4182","C162-1LB","No Product Name","1","10.95","1","4/14/2009 7:16:44 AM","x"
"1363","20090316","4183","C171-2LB","No Product Name","1","20.95","2","4/14/2009 7:16:44 AM","x"
"1363","20090316","4183","C137-2LB","No Product Name","1","20.95","2","4/14/2009 7:16:44 AM","x"
"1363","20090316","4185","C111-1LB","No Product Name","1","0","0","4/14/2009 7:16:44 AM","x"
"1363","20090316","4185","C122-1LB","No Product Name","1","0","0","4/14/2009 7:16:44 AM","x"
"1363","20090316","4185","C137-1LB","No Product Name","1","0","0","4/14/2009 7:16:44 AM","x"
"1363","20090316","4187","C124-2LB","No Product Name","3","19.95","2","4/14/2009 7:16:44 AM","x"
"1363","20090316","4188","C111-1LB","No Product Name","1","0","0","4/14/2009 7:16:44 AM","x"
"1363","20090316","4188","C122-1LB","No Product Name","1","0","0","4/14/2009 7:16:44 AM","x"
"1363","20090316","4188","C137-1LB","No Product Name","1","0","0","4/14/2009 7:16:44 AM","x"
"1363","20090316","4189","C118-1LB","No Product Name","1","10.95","1","4/14/2009 7:16:44 AM","x"
"1363","20090316","4189","C125-1LB","No Product Name","1","10.95","1","4/14/2009 7:16:44 AM","x"
"1363","20090316","4190","C118-1LB","No Product Name","1","10.95","1","4/14/2009 7:16:44 AM","x"
"1363","20090317","4191","C179-1LB","No Product Name","2","10.95","1","4/14/2009 7:16:44 AM","x"
"1364","20090317","4192","C131-5LB","No Product Name","2","47.45","5","4/14/2009 7:16:44 AM","x"
"1364","20090317","4192","C136-5LB","No Product Name","2","49.95","5","4/14/2009 7:16:44 AM","x"
"1364","20090317","4193","C136-2LB","No Product Name","1","20.95","2","4/14/2009 7:16:44 AM","x"
"1364","20090317","4194","C111-1LB","No Product Name","1","0","0","4/14/2009 7:16:44 AM","x"
"1364","20090317","4194","C122-1LB","No Product Name","1","0","0","4/14/2009 7:16:44 AM","x"
"1364","20090317","4194","C137-1LB","No Product Name","1","0","0","4/14/2009 7:16:44 AM","x"
"1365","20090318","4195","C116-2LB","No Product Name","1","19.95","2","4/14/2009 7:16:44 AM","x"
"1365","20090318","4195","C171-1LB","No Product Name","1","11.25","1","4/14/2009 7:16:44 AM","x"
"1365","20090318","4196","C124-1LB","No Product Name","1","10.45","1","4/14/2009 7:16:44 AM","x"
"1365","20090318","4196","C129-1LB","No Product Name","1","10.45","1","4/14/2009 7:16:44 AM","x"
"1365","20090318","4197","C111-1LB","No Product Name","1","0","0","4/14/2009 7:16:44 AM","x"
"1365","20090318","4197","C122-1LB","No Product Name","1","0","0","4/14/2009 7:16:44 AM","x"
"1365","20090318","4197","C137-1LB","No Product Name","1","0","0","4/14/2009 7:16:44 AM","x"
"1365","20090318","4198","C137-1LB","No Product Name","1","10.95","1","4/14/2009 7:16:44 AM","x"
"1365","20090318","4198","C139-1LB","No Product Name","1","10.95","1","4/14/2009 7:16:44 AM","x"
"1365","20090318","4199","C111-1LB","No Product Name","1","0","0","4/14/2009 7:16:44 AM","x"
"1365","20090318","4199","C122-1LB","No Product Name","1","0","0","4/14/2009 7:16:44 AM","x"
"1365","20090318","4199","C137-1LB","No Product Name","1","0","0","4/14/2009 7:16:44 AM","x"
"1365","20090318","4200","C118-2LB","No Product Name","1","20.95","2","4/14/2009 7:16:44 AM","x"
"1365","20090318","4200","C111-2LB","No Product Name","1","19.95","2","4/14/2009 7:16:44 AM","x"
"1365","20090318","4202","C156-1LB","No Product Name","1","10.95","1","4/14/2009 7:16:44 AM","x"
"1365","20090318","4203","C118-1LB","No Product Name","1","10.95","1","4/14/2009 7:16:44 AM","x"
"1365","20090318","4203","C125-1LB","No Product Name","1","10.95","1","4/14/2009 7:16:44 AM","x"
"1365","20090318","4203","C182-1LB","No Product Name","1","10.95","1","4/14/2009 7:16:44 AM","x"
"1365","20090318","4203","C156-1LB","No Product Name","1","10.95","1","4/14/2009 7:16:44 AM","x"
"1365","20090319","4204","C171-1LB","No Product Name","1","11.25","1","4/14/2009 7:16:44 AM","x"
"1365","20090319","4205","C111-1LB","No Product Name","1","0","0","4/14/2009 7:16:44 AM","x"
"1365","20090319","4205","C122-1LB","No Product Name","1","0","0","4/14/2009 7:16:44 AM","x"
"1365","20090319","4205","C137-1LB","No Product Name","1","0","0","4/14/2009 7:16:44 AM","x"
"1366","20090319","4206","C159-2LB","No Product Name","1","20.95","2","4/14/2009 7:16:44 AM","x"
"1366","20090319","4206","C153-1LB","No Product Name","1","10.95","1","4/14/2009 7:16:44 AM","x"
"1366","20090319","4206","C157-1LB","No Product Name","1","10.95","1","4/14/2009 7:16:44 AM","x"
"1366","20090319","4206","C150-1LB","No Product Name","1","10.95","1","4/14/2009 7:16:44 AM","x"
"1366","20090319","4207","C152-2LB","No Product Name","1","20.95","2","4/14/2009 7:16:44 AM","x"
"1366","20090319","4207","C152-1LB","No Product Name","1","10.95","1","4/14/2009 7:16:44 AM","x"
"1366","20090319","4208","C136-5LB","No Product Name","1","49.95","5","4/14/2009 7:16:44 AM","x"
"1366","20090319","4209","C137-1LB","No Product Name","1","10.95","1","4/14/2009 7:16:44 AM","x"
"1366","20090319","4209","C153-1LB","No Product Name","1","10.95","1","4/14/2009 7:16:44 AM","x"
"1366","20090319","4210","C170-2LB","No Product Name","1","20.95","2","4/14/2009 7:16:44 AM","x"
"1366","20090319","4210","C109-1LB","No Product Name","1","10.45","1","4/14/2009 7:16:44 AM","x"
"1366","20090319","4211","C166-2LB","No Product Name","1","20.95","2","4/14/2009 7:16:44 AM","x"
"1367","20090320","4212","C127-1LB","No Product Name","1","10.95","1","4/14/2009 7:16:44 AM","x"
"1367","20090320","4212","C153-2LB","No Product Name","1","20.95","2","4/14/2009 7:16:44 AM","x"
"1367","20090320","4212","C150-1LB","No Product Name","1","10.95","1","4/14/2009 7:16:44 AM","x"
"1367","20090320","4213","C171-2LB","No Product Name","2","20.95","2","4/14/2009 7:16:44 AM","x"
"1367","20090320","4214","C152-1LB","No Product Name","1","10.95","1","4/14/2009 7:16:44 AM","x"
"1367","20090320","4214","C137-1LB","No Product Name","1","10.95","1","4/14/2009 7:16:44 AM","x"
"1367","20090320","4214","C131-1LB","No Product Name","1","10.95","1","4/14/2009 7:16:44 AM","x"
"1367","20090322","4215","C111-1LB","No Product Name","1","0","0","4/14/2009 7:16:44 AM","x"
"1367","20090322","4215","C122-1LB","No Product Name","1","0","0","4/14/2009 7:16:44 AM","x"
"1367","20090322","4215","C137-1LB","No Product Name","1","0","0","4/14/2009 7:16:44 AM","x"
"1367","20090322","4216","C111-1LB","No Product Name","1","0","0","4/14/2009 7:16:44 AM","x"
"1367","20090322","4216","C122-1LB","No Product Name","1","0","0","4/14/2009 7:16:44 AM","x"
"1367","20090322","4216","C137-1LB","No Product Name","1","0","0","4/14/2009 7:16:44 AM","x"
"1367","20090322","4217","C139-2LB","No Product Name","1","20.95","2","4/14/2009 7:16:44 AM","x"
"1367","20090322","4217","C152-2LB","No Product Name","1","20.95","2","4/14/2009 7:16:44 AM","x"
"1367","20090322","4217","C153-2LB","No Product Name","1","20.95","2","4/14/2009 7:16:44 AM","x"
"1367","20090322","4217","C136-2LB","No Product Name","1","20.95","2","4/14/2009 7:16:44 AM","x"
"1367","20090322","4218","C111-1LB","No Product Name","1","0","0","4/14/2009 7:16:44 AM","x"
"1367","20090322","4218","C122-1LB","No Product Name","1","0","0","4/14/2009 7:16:44 AM","x"
"1367","20090322","4218","C137-1LB","No Product Name","1","0","0","4/14/2009 7:16:44 AM","x"
"1367","20090322","4219","C166-1LB","No Product Name","1","10.95","1","4/14/2009 7:16:44 AM","x"
"1367","20090322","4219","C170-1LB","No Product Name","1","11.25","1","4/14/2009 7:16:44 AM","x"
"1367","20090322","4220","C137-1LB","No Product Name","1","10.95","1","4/14/2009 7:16:44 AM","x"
"1367","20090322","4220","C152-1LB","No Product Name","1","10.95","1","4/14/2009 7:16:44 AM","x"
"1367","20090322","4220","C171-1LB","No Product Name","1","11.25","1","4/14/2009 7:16:44 AM","x"
"1367","20090322","4221","C122-1LB","No Product Name","2","10.45","1","4/14/2009 7:16:44 AM","x"
"1367","20090323","4222","C111-1LB","No Product Name","1","10.45","1","4/14/2009 7:16:44 AM","x"
"1367","20090323","4222","C137-1LB","No Product Name","1","10.95","1","4/14/2009 7:16:44 AM","x"
"1368","20090323","4223","C116-1LB","No Product Name","4","10.45","1","4/14/2009 7:16:44 AM","x"
"1368","20090323","4224","C152-2LB","No Product Name","1","20.95","2","4/14/2009 7:16:44 AM","x"
"1368","20090323","4224","C171-2LB","No Product Name","1","20.95","2","4/14/2009 7:16:44 AM","x"
"1368","20090323","4225","C179-5LB","No Product Name","1","49.95","5","4/14/2009 7:16:44 AM","x"
"1368","20090323","4226","C137-2LB","No Product Name","1","20.95","2","4/14/2009 7:16:44 AM","x"
"1368","20090323","4226","C179-1LB","No Product Name","1","10.95","1","4/14/2009 7:16:44 AM","x"
"1368","20090323","4227","C118-2LB","No Product Name","1","20.95","2","4/14/2009 7:16:44 AM","x"
"1368","20090323","4227","C111-2LB","No Product Name","1","19.95","2","4/14/2009 7:16:44 AM","x"
"1368","20090323","4227","C123-1LB","No Product Name","1","10.95","1","4/14/2009 7:16:44 AM","x"
"1368","20090323","4229","C122-2LB","No Product Name","1","19.95","2","4/14/2009 7:16:44 AM","x"
"1368","20090323","4230","C153-2LB","No Product Name","1","20.95","2","4/14/2009 7:16:44 AM","x"
"1368","20090323","4231","C118-1LB","No Product Name","1","10.95","1","4/14/2009 7:16:44 AM","x"
"1369","20090324","4232","C154-2LB","No Product Name","1","20.95","2","4/14/2009 7:16:44 AM","x"
"1369","20090324","4232","C153-2LB","No Product Name","1","20.95","2","4/14/2009 7:16:44 AM","x"
"1369","20090324","4232","C152-1LB","No Product Name","1","10.95","1","4/14/2009 7:16:44 AM","x"
"1369","20090324","4233","C170-2LB","No Product Name","3","20.95","2","4/14/2009 7:16:44 AM","x"
"1369","20090324","4233","C165-2LB","No Product Name","3","20.95","2","4/14/2009 7:16:44 AM","x"
"1369","20090324","4234","C118-5LB","No Product Name","1","49.95","5","4/14/2009 7:16:44 AM","x"
"1369","20090324","4234","C122-5LB","No Product Name","1","47.45","5","4/14/2009 7:16:44 AM","x"
"1369","20090324","4234","C136-5LB","No Product Name","1","49.95","5","4/14/2009 7:16:44 AM","x"
"1369","20090324","4234","C152-5LB","No Product Name","1","49.95","5","4/14/2009 7:16:44 AM","x"
"1369","20090324","4234","C123-5LB","No Product Name","1","49.95","5","4/14/2009 7:16:44 AM","x"
"1369","20090324","4234","C155-5LB","No Product Name","1","49.95","5","4/14/2009 7:16:44 AM","x"
"1369","20090324","4236","C156-1LB","No Product Name","1","10.95","1","4/14/2009 7:16:44 AM","x"
"1369","20090324","4236","C109-1LB","No Product Name","1","10.45","1","4/14/2009 7:16:44 AM","x"
"1369","20090324","4236","C111-1LB","No Product Name","1","10.45","1","4/14/2009 7:16:44 AM","x"
"1369","20090324","4236","C118-1LB","No Product Name","1","10.95","1","4/14/2009 7:16:44 AM","x"
"1370","20090325","4239","C150-1LB","No Product Name","1","10.95","1","4/14/2009 7:16:44 AM","x"
"1370","20090325","4242","C150-1LB","No Product Name","1","10.95","1","4/14/2009 7:16:44 AM","x"
"1370","20090325","4243","C150-1LB","No Product Name","1","10.95","1","4/14/2009 7:16:44 AM","x"
"1371","20090325","4244","C160-1LB","No Product Name","1","10.95","1","4/14/2009 7:16:44 AM","x"
"1371","20090325","4244","C179-1LB","No Product Name","1","10.95","1","4/14/2009 7:16:44 AM","x"
"1371","20090325","4245","C179-1LB","No Product Name","1","10.95","1","4/14/2009 7:16:44 AM","x"
"1371","20090325","4245","C136-1LB","No Product Name","1","10.95","1","4/14/2009 7:16:44 AM","x"
"1371","20090325","4246","C152-5LB","No Product Name","1","49.95","5","4/14/2009 7:16:44 AM","x"
"1371","20090325","4247","C139-2LB","No Product Name","1","20.95","2","4/14/2009 7:16:44 AM","x"
"1371","20090325","4247","C136-2LB","No Product Name","1","20.95","2","4/14/2009 7:16:44 AM","x"
"1371","20090325","4247","C131-2LB","No Product Name","1","20.95","2","4/14/2009 7:16:44 AM","x"
"1371","20090325","4247","C129-2LB","No Product Name","1","19.95","2","4/14/2009 7:16:44 AM","x"
"1371","20090325","4248","C171-5LB","No Product Name","1","52.95","5","4/14/2009 7:16:44 AM","x"
"1371","20090325","4248","C166-5LB","No Product Name","1","49.95","5","4/14/2009 7:16:44 AM","x"
"1371","20090326","4249","C151-2LB","No Product Name","1","20.95","2","4/14/2009 7:16:44 AM","x"
"1371","20090325","4240","C125-5LB","No Product Name","2","49.95","5","4/14/2009 7:16:44 AM","x"
"1371","20090325","4241","C139-2LB","No Product Name","1","20.95","2","4/14/2009 7:16:44 AM","x"
