batchnumber,orderdate,orderid,productcode,productname,quantity,productprice,productweight,pulldate,dummyfield
"","","","","","","","","",""
"1116","20080515","1724","C111-5","Nicaragua, Medium Roast","1","47.45","5","8/22/2008 6:54:43 AM","x"
"1116","20080515","1725","C118-2","Ethiopia Yirgacheffe, Medium Roast","1","20.95","2","8/22/2008 6:54:43 AM","x"
"1116","20080515","1726","C123-1","Sumatra, Full City Roast","1","10.95","1","8/22/2008 6:54:43 AM","x"
"1116","20080515","1726","C122-1","Guatemala, Full City Roast","1","10.45","1","8/22/2008 6:54:43 AM","x"
"1116","20080515","1727","C136-2","Colombia, Dark Roast","1","20.95","2","8/22/2008 6:54:43 AM","x"
"1116","20080515","1727","C131-2","Nicaragua, Dark Roast","1","19.95","2","8/22/2008 6:54:43 AM","x"
"1117","20080516","1732","C124-5","Mexico Chiapas, Full City Roast","1","47.45","5","8/22/2008 6:54:43 AM","x"
"1117","20080516","1733","C116-2","Colombia, Medium Roast","1","19.95","2","8/22/2008 6:54:43 AM","x"
"1117","20080516","1734","C116-2","Colombia, Medium Roast","1","19.95","2","8/22/2008 6:54:43 AM","x"
"1117","20080516","1734","C156-2","Georgia Organics Special Blend, Medium Roast","1","20.95","2","8/22/2008 6:54:43 AM","x"
"1117","20080516","1734","C124-2","Mexico Chiapas, Full City Roast","1","19.95","2","8/22/2008 6:54:43 AM","x"
"1117","20080517","1736","C156-1","Georgia Organics Special Blend, Medium Roast","1","10.95","1","8/22/2008 6:54:43 AM","x"
"1117","20080517","1736","C170-1","House Blend Decaf, Full City Roast","1","11.25","1","8/22/2008 6:54:43 AM","x"
"1117","20080517","1737","C116-2","Colombia, Medium Roast","3","19.95","2","8/22/2008 6:54:43 AM","x"
"1117","20080517","1738","C125-1","Ethiopia Sidamo, Full City Roast","5","10.95","1","8/22/2008 6:54:43 AM","x"
"1117","20080517","1739","C165-2","Half Caff Blend, Full City Roast","1","20.95","2","8/22/2008 6:54:43 AM","x"
"1117","20080517","1740","C123-1","Sumatra, Full City Roast","2","10.95","1","8/22/2008 6:54:43 AM","x"
"1117","20080518","1741","C160-1","Original Espresso Blend, Medium Roast","2","10.95","1","8/22/2008 6:54:43 AM","x"
"1117","20080518","1742","C122-1","Guatemala, Full City Roast","1","10.45","1","8/22/2008 6:54:43 AM","x"
"1117","20080518","1742","C118-1","Ethiopia Yirgacheffe, Medium Roast","1","10.95","1","8/22/2008 6:54:43 AM","x"
"1117","20080518","1742","C151-1","Benevolent Blend, Medium Roast","1","10.95","1","8/22/2008 6:54:43 AM","x"
"1117","20080518","1742","C111-1","Nicaragua, Medium Roast","1","10.45","1","8/22/2008 6:54:43 AM","x"
"1117","20080518","1743","C157-2","Georgia River Network Blend, Full City Roast","1","20.95","2","8/22/2008 6:54:43 AM","x"
"1117","20080518","1745","C170-1","House Blend Decaf, Full City Roast","5","11.25","1","8/22/2008 6:54:43 AM","x"
"1117","20080518","1745","C111-1","Nicaragua, Medium Roast","1","10.45","1","8/22/2008 6:54:43 AM","x"
"1117","20080518","1745","C129-1","Peru, Full City Roast","1","10.45","1","8/22/2008 6:54:43 AM","x"
"1118","20080519","1746","C123-1","Sumatra, Full City Roast","1","10.95","1","8/22/2008 6:54:43 AM","x"
"1118","20080519","1746","C137-1","Bolivia, Dark Roast","1","10.95","1","8/22/2008 6:54:43 AM","x"
"1118","20080519","1746","C109-1","Dominican Republic Medium Roast","1","10.45","1","8/22/2008 6:54:43 AM","x"
"1118","20080519","1747","C150-2","Justice Blend, Full City Roast","1","20.95","2","8/22/2008 6:54:43 AM","x"
"1118","20080519","1748","C165-2","Half Caff Blend, Full City Roast","1","20.95","2","8/22/2008 6:54:43 AM","x"
"1118","20080519","1749","C124-1","Mexico Chiapas, Full City Roast","1","10.45","1","8/22/2008 6:54:43 AM","x"
"1118","20080519","1749","C136-1","Colombia, Dark Roast","1","10.95","1","8/22/2008 6:54:43 AM","x"
"1118","20080519","1750","C118-2","Ethiopia Yirgacheffe, Medium Roast","1","20.95","2","8/22/2008 6:54:43 AM","x"
"1118","20080519","1750","C139-1","East Timor, Dark Roast","1","10.95","1","8/22/2008 6:54:43 AM","x"
"1118","20080519","1750","C153-1","Mad Poet Blend, Dark Roast","1","10.95","1","8/22/2008 6:54:43 AM","x"
"1118","20080519","1751","C153-1","Mad Poet Blend, Dark Roast","2","10.95","1","8/22/2008 6:54:43 AM","x"
"1118","20080520","1752","C165-1","Half Caff Blend, Full City Roast","3","10.95","1","8/22/2008 6:54:43 AM","x"
"1118","20080520","1753","C136-1","Colombia, Dark Roast","2","10.95","1","8/22/2008 6:54:43 AM","x"
"1118","20080520","1753","C123-1","Sumatra, Full City Roast","1","10.95","1","8/22/2008 6:54:43 AM","x"
"1118","20080520","1753","C152-1","Critical Mass Blend, Dark Roast","1","10.95","1","8/22/2008 6:54:43 AM","x"
"1118","20080520","1754","C171-1","House Blend Decaf, Dark Roast","2","11.25","1","8/22/2008 6:54:43 AM","x"
"1118","20080520","1754","C153-1","Mad Poet Blend, Dark Roast","1","10.95","1","8/22/2008 6:54:43 AM","x"
"1118","20080520","1755","C123-2","Sumatra, Full City Roast","2","20.95","2","8/22/2008 6:54:43 AM","x"
"1118","20080520","1755","C122-2","Guatemala, Full City Roast","2","19.95","2","8/22/2008 6:54:43 AM","x"
"1118","20080520","1756","C111-1","Nicaragua, Medium Roast","1","10.45","1","8/22/2008 6:54:43 AM","x"
"1118","20080520","1756","C118-1","Ethiopia Yirgacheffe, Medium Roast","1","10.95","1","8/22/2008 6:54:43 AM","x"
"1119","20080520","1757","C137-1","Bolivia, Dark Roast","1","10.95","1","8/22/2008 6:54:43 AM","x"
"1119","20080520","1757","C171-1","House Blend Decaf, Dark Roast","1","11.25","1","8/22/2008 6:54:43 AM","x"
"1119","20080520","1758","C166-1","Half Caff Blend, Dark Roast","3","10.95","1","8/22/2008 6:54:43 AM","x"
"1119","20080520","1758","C165-1","Half Caff Blend, Full City Roast","3","10.95","1","8/22/2008 6:54:43 AM","x"
"1119","20080520","1759","C109-1","Dominican Republic Medium Roast","1","10.45","1","8/22/2008 6:54:43 AM","x"
"1119","20080520","1759","C116-1","Colombia, Medium Roast","1","10.45","1","8/22/2008 6:54:43 AM","x"
"1119","20080520","1760","C162-1","Easygoing Espresso Blend, Full City Roast","2","10.95","1","8/22/2008 6:54:43 AM","x"
"1119","20080520","1761","C125-2","Ethiopia Sidamo, Full City Roast","1","20.95","2","8/22/2008 6:54:43 AM","x"
"1119","20080520","1761","C118-1","Ethiopia Yirgacheffe, Medium Roast","1","10.95","1","8/22/2008 6:54:43 AM","x"
"1119","20080520","1761","C123-2","Sumatra, Full City Roast","1","20.95","2","8/22/2008 6:54:43 AM","x"
"1119","20080521","1762","C139-5","East Timor, Dark Roast","4","49.95","5","8/22/2008 6:54:43 AM","x"
"1119","20080521","1763","C116-1","Colombia, Medium Roast","6","10.45","1","8/22/2008 6:54:43 AM","x"
"1119","20080521","1764","C118-2","Ethiopia Yirgacheffe, Medium Roast","1","20.95","2","8/22/2008 6:54:43 AM","x"
"1119","20080521","1764","C124-2","Mexico Chiapas, Full City Roast","1","19.95","2","8/22/2008 6:54:43 AM","x"
"1120","20080521","1765","C136-2","Colombia, Dark Roast","1","20.95","2","8/22/2008 6:54:43 AM","x"
"1120","20080521","1766","C123-1","Sumatra, Full City Roast","1","10.95","1","8/22/2008 6:54:43 AM","x"
"1120","20080521","1766","C122-1","Guatemala, Full City Roast","1","10.45","1","8/22/2008 6:54:43 AM","x"
"1120","20080522","1767","C136-2","Colombia, Dark Roast","1","20.95","2","8/22/2008 6:54:43 AM","x"
"1120","20080522","1767","C124-1","Mexico Chiapas, Full City Roast","1","10.45","1","8/22/2008 6:54:43 AM","x"
"1121","20080522","1770","C153-2","Mad Poet Blend, Dark Roast","1","20.95","2","8/22/2008 6:54:43 AM","x"
"1121","20080522","1771","C125-2","Ethiopia Sidamo, Full City Roast","1","20.95","2","8/22/2008 6:54:43 AM","x"
"1121","20080522","1771","C122-2","Guatemala, Full City Roast","1","19.95","2","8/22/2008 6:54:43 AM","x"
"1121","20080522","1771","C124-2","Mexico Chiapas, Full City Roast","1","19.95","2","8/22/2008 6:54:43 AM","x"
"1121","20080522","1771","C131-2","Nicaragua, Dark Roast","1","19.95","2","8/22/2008 6:54:43 AM","x"
"1122","20080523","1772","C109-1","Dominican Republic Medium Roast","1","10.45","1","8/22/2008 6:54:43 AM","x"
"1122","20080523","1772","C124-1","Mexico Chiapas, Full City Roast","1","10.45","1","8/22/2008 6:54:43 AM","x"
"1122","20080523","1772","C118-1","Ethiopia Yirgacheffe, Medium Roast","1","10.95","1","8/22/2008 6:54:43 AM","x"
"1122","20080523","1772","C139-1","East Timor, Dark Roast","1","10.95","1","8/22/2008 6:54:43 AM","x"
"1122","20080523","1772","C154-1","Mondo Kawan Blend, Full City Roast","1","10.95","1","8/22/2008 6:54:43 AM","x"
"1122","20080523","1773","C136-2","Colombia, Dark Roast","1","20.95","2","8/22/2008 6:54:43 AM","x"
"1122","20080523","1774","C171-2","House Blend Decaf, Dark Roast","1","20.95","2","8/22/2008 6:54:43 AM","x"
"1122","20080523","1774","C136-2","Colombia, Dark Roast","1","20.95","2","8/22/2008 6:54:43 AM","x"
"1122","20080524","1776","C150-2","Justice Blend, Full City Roast","1","20.95","2","8/22/2008 6:54:43 AM","x"
"1122","20080524","1776","C122-1","Guatemala, Full City Roast","1","10.45","1","8/22/2008 6:54:43 AM","x"
"1122","20080524","1777","C171-2","House Blend Decaf, Dark Roast","1","20.95","2","8/22/2008 6:54:43 AM","x"
"1122","20080524","1778","C127-1","Ethiopia Harrar, Full City Roast","1","10.95","1","8/22/2008 6:54:43 AM","x"
"1122","20080524","1778","C170-1","House Blend Decaf, Full City Roast","1","11.25","1","8/22/2008 6:54:43 AM","x"
"1122","20080524","1779","C139-1","East Timor, Dark Roast","1","10.95","1","8/22/2008 6:54:43 AM","x"
"1122","20080524","1779","C171-1","House Blend Decaf, Dark Roast","1","11.25","1","8/22/2008 6:54:43 AM","x"
"1122","20080525","1780","C116-1","Colombia, Medium Roast","1","10.45","1","8/22/2008 6:54:43 AM","x"
"1122","20080525","1780","C136-1","Colombia, Dark Roast","1","10.95","1","8/22/2008 6:54:43 AM","x"
"1122","20080525","1781","C152-5","Critical Mass Blend, Dark Roast","1","49.95","5","8/22/2008 6:54:43 AM","x"
"1122","20080525","1781","C153-2","Mad Poet Blend, Dark Roast","1","20.95","2","8/22/2008 6:54:43 AM","x"
"1122","20080525","1781","C139-2","East Timor, Dark Roast","1","20.95","2","8/22/2008 6:54:43 AM","x"
"1122","20080525","1782","C155-2","BRAG Brew, Full City Roast","1","20.95","2","8/22/2008 6:54:43 AM","x"
"1122","20080525","1784","C170-1","House Blend Decaf, Full City Roast","3","11.25","1","8/22/2008 6:54:43 AM","x"
"1122","20080525","1784","C118-1","Ethiopia Yirgacheffe, Medium Roast","1","10.95","1","8/22/2008 6:54:43 AM","x"
"1122","20080525","1784","C127-1","Ethiopia Harrar, Full City Roast","1","10.95","1","8/22/2008 6:54:43 AM","x"
"1122","20080525","1784","C125-1","Ethiopia Sidamo, Full City Roast","1","10.95","1","8/22/2008 6:54:43 AM","x"
"1122","20080526","1785","C137-1","Bolivia, Dark Roast","1","10.95","1","8/22/2008 6:54:43 AM","x"
"1122","20080526","1785","C123-1","Sumatra, Full City Roast","1","10.95","1","8/22/2008 6:54:43 AM","x"
"1122","20080526","1786","C127-1","Ethiopia Harrar, Full City Roast","1","10.95","1","8/22/2008 6:54:43 AM","x"
"1122","20080526","1786","C152-1","Critical Mass Blend, Dark Roast","1","10.95","1","8/22/2008 6:54:43 AM","x"
"1122","20080526","1786","C118-2","Ethiopia Yirgacheffe, Medium Roast","1","20.95","2","8/22/2008 6:54:43 AM","x"
"1122","20080526","1786","C111-1","Nicaragua, Medium Roast","1","10.45","1","8/22/2008 6:54:43 AM","x"
"1122","20080526","1786","C117-1","El Salvador, Medium Roast","1","10.45","1","8/22/2008 6:54:43 AM","x"
"1122","20080526","1787","C162-1","Easygoing Espresso Blend, Full City Roast","1","10.95","1","8/22/2008 6:54:43 AM","x"
"1122","20080526","1787","C118-1","Ethiopia Yirgacheffe, Medium Roast","1","10.95","1","8/22/2008 6:54:43 AM","x"
"1122","20080526","1787","C117-1","El Salvador, Medium Roast","1","10.45","1","8/22/2008 6:54:43 AM","x"
"1122","20080526","1788","C139-1","East Timor, Dark Roast","1","10.95","1","8/22/2008 6:54:43 AM","x"
"1122","20080527","1789","C166-2","Half Caff Blend, Dark Roast","2","20.95","2","8/22/2008 6:54:43 AM","x"
"1122","20080527","1789","C171-1","House Blend Decaf, Dark Roast","1","11.25","1","8/22/2008 6:54:43 AM","x"
"1122","20080527","1790","C124-5","Mexico Chiapas, Full City Roast","1","47.45","5","8/22/2008 6:54:43 AM","x"
"1122","20080527","1791","C153-1","Mad Poet Blend, Dark Roast","2","10.95","1","8/22/2008 6:54:43 AM","x"
"1122","20080527","1791","C179-1","Type A Espresso Blend, Dark Roast","1","10.35","1","8/22/2008 6:54:43 AM","x"
"1123","20080527","1792","C118-1","Ethiopia Yirgacheffe, Medium Roast","1","10.95","1","8/22/2008 6:54:43 AM","x"
"1123","20080527","1792","C123-1","Sumatra, Full City Roast","1","10.95","1","8/22/2008 6:54:43 AM","x"
"1123","20080527","1792","C137-1","Bolivia, Dark Roast","1","10.95","1","8/22/2008 6:54:43 AM","x"
"1123","20080527","1792","C139-1","East Timor, Dark Roast","1","10.95","1","8/22/2008 6:54:43 AM","x"
"1123","20080527","1793","C151-1","Benevolent Blend, Medium Roast","1","10.95","1","8/22/2008 6:54:43 AM","x"
"1123","20080527","1794","C151-1","Benevolent Blend, Medium Roast","3","10.95","1","8/22/2008 6:54:43 AM","x"
"1123","20080527","1795","C117-2","El Salvador, Medium Roast","1","19.95","2","8/22/2008 6:54:43 AM","x"
"1123","20080527","1795","C136-2","Colombia, Dark Roast","2","20.95","2","8/22/2008 6:54:43 AM","x"
"1123","20080527","1796","C166-5","Half Caff Blend, Dark Roast","1","49.95","5","8/22/2008 6:54:43 AM","x"
"1123","20080527","1796","C165-5","Half Caff Blend, Full City Roast","1","49.95","5","8/22/2008 6:54:43 AM","x"
"1123","20080527","1796","C170-1","House Blend Decaf, Full City Roast","1","11.25","1","8/22/2008 6:54:43 AM","x"
"1123","20080528","1797","C153-1","Mad Poet Blend, Dark Roast","1","10.95","1","8/22/2008 6:54:43 AM","x"
"1123","20080528","1797","C131-1","Nicaragua, Dark Roast","1","10.45","1","8/22/2008 6:54:43 AM","x"
"1123","20080528","1798","C136-1","Colombia, Dark Roast","5","10.95","1","8/22/2008 6:54:43 AM","x"
"1123","20080528","1798","C139-1","East Timor, Dark Roast","5","10.95","1","8/22/2008 6:54:43 AM","x"
"1124","20080528","1799","C153-1","Mad Poet Blend, Dark Roast","5","10.95","1","8/22/2008 6:54:43 AM","x"
"1124","20080528","1800","C137-5","Bolivia, Dark Roast","2","49.95","5","8/22/2008 6:54:43 AM","x"
"1124","20080528","1801","C152-1","Critical Mass Blend, Dark Roast","8","10.95","1","8/22/2008 6:54:43 AM","x"
"1124","20080528","1802","C151-2","Benevolent Blend, Medium Roast","1","20.95","2","8/22/2008 6:54:43 AM","x"
"1124","20080528","1805","C118-1","Ethiopia Yirgacheffe, Medium Roast","3","10.95","1","8/22/2008 6:54:43 AM","x"
"1124","20080528","1806","C127-2","Ethiopia Harrar, Full City Roast","1","20.95","2","8/22/2008 6:54:43 AM","x"
"1124","20080528","1806","C111-2","Nicaragua, Medium Roast","1","19.95","1","8/22/2008 6:54:43 AM","x"
"1124","20080529","1807","C118-2","Ethiopia Yirgacheffe, Medium Roast","1","20.95","2","8/22/2008 6:54:43 AM","x"
"1126","20080529","1809","C124-2","Mexico Chiapas, Full City Roast","1","19.95","2","8/22/2008 6:54:43 AM","x"
"1126","20080529","1809","C122-1","Guatemala, Full City Roast","1","10.45","1","8/22/2008 6:54:43 AM","x"
"1126","20080529","1810","C139-1","East Timor, Dark Roast","1","10.95","1","8/22/2008 6:54:43 AM","x"
"1126","20080529","1810","C137-1","Bolivia, Dark Roast","1","10.95","1","8/22/2008 6:54:43 AM","x"
"1126","20080529","1810","C152-1","Critical Mass Blend, Dark Roast","1","10.95","1","8/22/2008 6:54:43 AM","x"
"1126","20080529","1811","C139-5","East Timor, Dark Roast","1","49.95","5","8/22/2008 6:54:43 AM","x"
"1126","20080529","1811","C171-5","House Blend Decaf, Dark Roast","1","52.95","5","8/22/2008 6:54:43 AM","x"
"1126","20080529","1812","C123-2","Sumatra, Full City Roast","1","20.95","2","8/22/2008 6:54:43 AM","x"
"1126","20080529","1812","C139-2","East Timor, Dark Roast","1","20.95","2","8/22/2008 6:54:43 AM","x"
"1126","20080530","1813","C136-2","Colombia, Dark Roast","1","20.95","2","8/22/2008 6:54:43 AM","x"
"1126","20080530","1813","C152-2","Critical Mass Blend, Dark Roast","1","20.95","2","8/22/2008 6:54:43 AM","x"
"1127","20080530","1814","C171-1","House Blend Decaf, Dark Roast","4","11.25","1","8/22/2008 6:54:43 AM","x"
"1127","20080530","1815","C123-2","Sumatra, Full City Roast","1","20.95","2","8/22/2008 6:54:43 AM","x"
"1127","20080530","1816","C166-2","Half Caff Blend, Dark Roast","1","20.95","2","8/22/2008 6:54:43 AM","x"
"1127","20080531","1817","C129-1","Peru, Full City Roast","1","10.45","1","8/22/2008 6:54:43 AM","x"
"1127","20080531","1817","C116-1","Colombia, Medium Roast","1","10.45","1","8/22/2008 6:54:43 AM","x"
"1127","20080531","1818","C152-1","Critical Mass Blend, Dark Roast","1","10.95","1","8/22/2008 6:54:43 AM","x"
"1127","20080531","1818","C171-1","House Blend Decaf, Dark Roast","1","11.25","1","8/22/2008 6:54:43 AM","x"
"1127","20080531","1819","C166-2","Half Caff Blend, Dark Roast","1","20.95","2","8/22/2008 6:54:43 AM","x"
"1127","20080531","1819","C165-2","Half Caff Blend, Full City Roast","1","20.95","2","8/22/2008 6:54:43 AM","x"
"1127","20080531","1820","C127-2","Ethiopia Harrar, Full City Roast","1","20.95","2","8/22/2008 6:54:43 AM","x"
"1127","20080531","1821","C118-5","Ethiopia Yirgacheffe, Medium Roast","1","49.95","5","8/22/2008 6:54:43 AM","x"
"1127","20080601","1822","C116-2","Colombia, Medium Roast","2","19.95","2","8/22/2008 6:54:43 AM","x"
"1127","20080601","1823","C123-1","Sumatra, Full City Roast","2","10.95","1","8/22/2008 6:54:43 AM","x"
"1127","20080601","1825","C137-5","Bolivia, Dark Roast","1","49.95","5","8/22/2008 6:54:43 AM","x"
"1127","20080601","1826","C153-2","Mad Poet Blend, Dark Roast","1","20.95","2","8/22/2008 6:54:43 AM","x"
"1127","20080602","1827","C123-1","Sumatra, Full City Roast","1","10.95","1","8/22/2008 6:54:43 AM","x"
"1127","20080602","1827","C124-1","Mexico Chiapas, Full City Roast","1","10.45","1","8/22/2008 6:54:43 AM","x"
"1128","20080602","1828","C122-5","Guatemala, Full City Roast","1","47.45","5","8/22/2008 6:54:43 AM","x"
"1128","20080602","1829","C137-1","Bolivia, Dark Roast","1","10.95","1","8/22/2008 6:54:43 AM","x"
"1128","20080602","1829","C131-1","Nicaragua, Dark Roast","1","10.45","1","8/22/2008 6:54:43 AM","x"
"1128","20080602","1829","C171-1","House Blend Decaf, Dark Roast","1","11.25","1","8/22/2008 6:54:43 AM","x"
"1128","20080602","1830","C127-1","Ethiopia Harrar, Full City Roast","2","10.95","1","8/22/2008 6:54:43 AM","x"
"1128","20080602","1830","C122-1","Guatemala, Full City Roast","2","10.45","1","8/22/2008 6:54:43 AM","x"
"1128","20080602","1830","C123-1","Sumatra, Full City Roast","2","10.95","1","8/22/2008 6:54:43 AM","x"
"1128","20080602","1830","C170-1","House Blend Decaf, Full City Roast","1","11.25","1","8/22/2008 6:54:43 AM","x"
"1128","20080602","1831","C123-5","Sumatra, Full City Roast","6","49.95","5","8/22/2008 6:54:43 AM","x"
"1128","20080602","1832","C170-1","House Blend Decaf, Full City Roast","1","11.25","1","8/22/2008 6:54:43 AM","x"
"1128","20080602","1833","C116-2","Colombia, Medium Roast","2","19.95","2","8/22/2008 6:54:43 AM","x"
"1128","20080602","1834","C125-1","Ethiopia Sidamo, Full City Roast","1","10.95","1","8/22/2008 6:54:43 AM","x"
"1128","20080602","1834","C156-1","Georgia Organics Special Blend, Medium Roast","1","10.95","1","8/22/2008 6:54:43 AM","x"
"1128","20080602","1834","C150-1","Justice Blend, Full City Roast","1","10.95","1","8/22/2008 6:54:43 AM","x"
"1128","20080602","1834","C154-1","Mondo Kawan Blend, Full City Roast","1","10.95","1","8/22/2008 6:54:43 AM","x"
"1128","20080603","1835","C125-1","Ethiopia Sidamo, Full City Roast","1","10.95","1","8/22/2008 6:54:43 AM","x"
"1128","20080603","1835","C171-1","House Blend Decaf, Dark Roast","1","11.25","1","8/22/2008 6:54:43 AM","x"
"1128","20080603","1835","C171-1","House Blend Decaf, Dark Roast","1","11.25","1","8/22/2008 6:54:43 AM","x"
"1128","20080603","1835","C170-1","House Blend Decaf, Full City Roast","1","11.25","1","8/22/2008 6:54:43 AM","x"
"1128","20080603","1835","C152-1","Critical Mass Blend, Dark Roast","1","10.95","1","8/22/2008 6:54:43 AM","x"
"1129","20080603","1836","C155-2","BRAG Brew, Full City Roast","2","20.95","2","8/22/2008 6:54:43 AM","x"
"1129","20080603","1837","C136-5","Colombia, Dark Roast","1","49.95","5","8/22/2008 6:54:43 AM","x"
"1129","20080603","1838","C154-1","Mondo Kawan Blend, Full City Roast","1","10.95","1","8/22/2008 6:54:43 AM","x"
"1129","20080603","1840","C154-1","Mondo Kawan Blend, Full City Roast","1","10.95","1","8/22/2008 6:54:43 AM","x"
"1129","20080603","1840","C155-2","BRAG Brew, Full City Roast","1","20.95","2","8/22/2008 6:54:43 AM","x"
"1129","20080603","1840","C151-1","Benevolent Blend, Medium Roast","1","10.95","1","8/22/2008 6:54:43 AM","x"
"1129","20080603","1841","C117-1","El Salvador, Medium Roast","1","10.45","1","8/22/2008 6:54:43 AM","x"
"1129","20080603","1841","C123-1","Sumatra, Full City Roast","1","10.95","1","8/22/2008 6:54:43 AM","x"
"1129","20080603","1842","C137-2","Bolivia, Dark Roast","1","20.95","2","8/22/2008 6:54:43 AM","x"
"1129","20080603","1842","C136-2","Colombia, Dark Roast","1","20.95","2","8/22/2008 6:54:43 AM","x"
"1129","20080603","1842","C129-2","Peru, Full City Roast","1","19.95","2","8/22/2008 6:54:43 AM","x"
"1129","20080604","1843","C150-1","Justice Blend, Full City Roast","2","10.95","1","8/22/2008 6:54:43 AM","x"
"1130","20080604","1844","C116-5","Colombia, Medium Roast","1","47.45","5","8/22/2008 6:54:43 AM","x"
"1130","20080604","1844","C129-5","Peru, Full City Roast","1","47.45","5","8/22/2008 6:54:43 AM","x"
"1130","20080604","1845","C122-1","Guatemala, Full City Roast","1","10.45","1","8/22/2008 6:54:43 AM","x"
"1130","20080604","1845","C124-1","Mexico Chiapas, Full City Roast","1","10.45","1","8/22/2008 6:54:43 AM","x"
"1130","20080604","1845","C117-1","El Salvador, Medium Roast","1","10.45","1","8/22/2008 6:54:43 AM","x"
"1130","20080604","1846","C139-1","East Timor, Dark Roast","1","10.95","1","8/22/2008 6:54:43 AM","x"
"1130","20080604","1847","C124-1","Mexico Chiapas, Full City Roast","4","10.45","1","8/22/2008 6:54:43 AM","x"
"1130","20080604","1848","C116-1","Colombia, Medium Roast","1","10.45","1","8/22/2008 6:54:43 AM","x"
"1130","20080604","1849","C127-5","Ethiopia Harrar, Full City Roast","1","49.95","5","8/22/2008 6:54:43 AM","x"
"1130","20080604","1850","C116-1","Colombia, Medium Roast","1","10.45","1","8/22/2008 6:54:43 AM","x"
"1130","20080604","1850","C152-1","Critical Mass Blend, Dark Roast","1","10.95","1","8/22/2008 6:54:43 AM","x"
"1130","20080604","1850","C153-1","Mad Poet Blend, Dark Roast","1","10.95","1","8/22/2008 6:54:43 AM","x"
"1130","20080604","1850","C155-1","BRAG Brew, Full City Roast","1","10.95","1","8/22/2008 6:54:43 AM","x"
"1130","20080604","1852","C118-1","Ethiopia Yirgacheffe, Medium Roast","2","10.95","1","8/22/2008 6:54:43 AM","x"
"1130","20080604","1852","C127-1","Ethiopia Harrar, Full City Roast","2","10.95","1","8/22/2008 6:54:43 AM","x"
"1130","20080604","1853","C136-5","Colombia, Dark Roast","1","49.95","5","8/22/2008 6:54:43 AM","x"
"1130","20080605","1854","C166-2","Half Caff Blend, Dark Roast","1","20.95","2","8/22/2008 6:54:43 AM","x"
"1130","20080605","1854","C165-2","Half Caff Blend, Full City Roast","1","20.95","2","8/22/2008 6:54:43 AM","x"
"1130","20080605","1855","C118-5","Ethiopia Yirgacheffe, Medium Roast","1","49.95","5","8/22/2008 6:54:43 AM","x"
"1133","20080605","1856","C156-2","Georgia Organics Special Blend, Medium Roast","1","20.95","2","8/22/2008 6:54:43 AM","x"
"1133","20080605","1857","C136-1","Colombia, Dark Roast","1","10.95","1","8/22/2008 6:54:43 AM","x"
"1133","20080605","1857","C116-1","Colombia, Medium Roast","1","10.45","1","8/22/2008 6:54:43 AM","x"
"1133","20080605","1857","C129-1","Peru, Full City Roast","1","10.45","1","8/22/2008 6:54:43 AM","x"
"1133","20080605","1857","C109-1","Dominican Republic Medium Roast","1","10.45","1","8/22/2008 6:54:43 AM","x"
"1133","20080605","1858","C127-1","Ethiopia Harrar, Full City Roast","1","10.95","1","8/22/2008 6:54:43 AM","x"
"1133","20080605","1858","C118-1","Ethiopia Yirgacheffe, Medium Roast","2","10.95","1","8/22/2008 6:54:43 AM","x"
"1133","20080605","1858","C125-1","Ethiopia Sidamo, Full City Roast","1","10.95","1","8/22/2008 6:54:43 AM","x"
"1133","20080605","1858","C170-1","House Blend Decaf, Full City Roast","3","11.25","1","8/22/2008 6:54:43 AM","x"
"1133","20080605","1859","C127-2","Ethiopia Harrar, Full City Roast","1","20.95","2","8/22/2008 6:54:43 AM","x"
"1133","20080605","1860","C170-2","House Blend Decaf, Full City Roast","1","20.95","2","8/22/2008 6:54:43 AM","x"
"1133","20080605","1860","C139-2","East Timor, Dark Roast","1","20.95","2","8/22/2008 6:54:43 AM","x"
"1133","20080605","1861","C117-1","El Salvador, Medium Roast","1","10.45","1","8/22/2008 6:54:43 AM","x"
"1133","20080605","1861","C124-1","Mexico Chiapas, Full City Roast","1","10.45","1","8/22/2008 6:54:43 AM","x"
"1133","20080605","1862","C127-2","Ethiopia Harrar, Full City Roast","1","20.95","2","8/22/2008 6:54:43 AM","x"
"1133","20080605","1862","C123-2","Sumatra, Full City Roast","1","20.95","2","8/22/2008 6:54:43 AM","x"
"1133","20080605","1862","C170-1","House Blend Decaf, Full City Roast","1","11.25","1","8/22/2008 6:54:43 AM","x"
"1133","20080605","1862","C179-1","Type A Espresso Blend, Dark Roast","1","10.35","1","8/22/2008 6:54:43 AM","x"
"1133","20080605","1863","C117-5","El Salvador, Medium Roast","1","47.45","5","8/22/2008 6:54:43 AM","x"
"1133","20080605","1864","C179-1","Type A Espresso Blend, Dark Roast","1","10.35","1","8/22/2008 6:54:43 AM","x"
"1133","20080605","1865","C127-1","Ethiopia Harrar, Full City Roast","1","10.95","1","8/22/2008 6:54:43 AM","x"
"1133","20080605","1865","C111-1","Nicaragua, Medium Roast","1","10.45","1","8/22/2008 6:54:43 AM","x"
"1133","20080605","1866","C165-5","Half Caff Blend, Full City Roast","1","49.95","5","8/22/2008 6:54:43 AM","x"
"1133","20080605","1867","C137-1","Bolivia, Dark Roast","1","10.95","1","8/22/2008 6:54:43 AM","x"
"1133","20080605","1867","C124-1","Mexico Chiapas, Full City Roast","1","10.45","1","8/22/2008 6:54:43 AM","x"
"1133","20080605","1868","C127-2","Ethiopia Harrar, Full City Roast","1","20.95","2","8/22/2008 6:54:43 AM","x"
"1133","20080605","1868","C170-1","House Blend Decaf, Full City Roast","1","11.25","1","8/22/2008 6:54:43 AM","x"
"1133","20080605","1869","C127-2","Ethiopia Harrar, Full City Roast","1","20.95","2","8/22/2008 6:54:43 AM","x"
"1133","20080605","1869","C137-1","Bolivia, Dark Roast","1","10.95","1","8/22/2008 6:54:43 AM","x"
"1133","20080605","1870","C127-1","Ethiopia Harrar, Full City Roast","1","10.95","1","8/22/2008 6:54:43 AM","x"
"1133","20080605","1871","C127-1","Ethiopia Harrar, Full City Roast","1","10.95","1","8/22/2008 6:54:43 AM","x"
"1133","20080605","1871","C137-1","Bolivia, Dark Roast","1","10.95","1","8/22/2008 6:54:43 AM","x"
"1133","20080605","1871","C116-1","Colombia, Medium Roast","1","10.45","1","8/22/2008 6:54:43 AM","x"
"1133","20080605","1872","C117-2","El Salvador, Medium Roast","1","19.95","2","8/22/2008 6:54:43 AM","x"
"1133","20080605","1872","C170-1","House Blend Decaf, Full City Roast","1","11.25","1","8/22/2008 6:54:43 AM","x"
"1133","20080605","1873","C122-1","Guatemala, Full City Roast","1","10.45","1","8/22/2008 6:54:43 AM","x"
"1133","20080605","1873","C111-1","Nicaragua, Medium Roast","1","10.45","1","8/22/2008 6:54:43 AM","x"
"1133","20080605","1874","C116-1","Colombia, Medium Roast","1","10.45","1","8/22/2008 6:54:43 AM","x"
"1133","20080605","1875","C117-1","El Salvador, Medium Roast","1","10.45","1","8/22/2008 6:54:43 AM","x"
"1133","20080605","1876","C139-2","East Timor, Dark Roast","1","20.95","2","8/22/2008 6:54:43 AM","x"
"1133","20080605","1876","C152-1","Critical Mass Blend, Dark Roast","1","10.95","1","8/22/2008 6:54:43 AM","x"
"1133","20080605","1876","C127-1","Ethiopia Harrar, Full City Roast","1","10.95","1","8/22/2008 6:54:43 AM","x"
"1133","20080605","1877","C179-1","Type A Espresso Blend, Dark Roast","1","10.35","1","8/22/2008 6:54:43 AM","x"
"1133","20080605","1877","C155-1","BRAG Brew, Full City Roast","2","10.95","1","8/22/2008 6:54:43 AM","x"
"1133","20080605","1877","C117-1","El Salvador, Medium Roast","2","10.45","1","8/22/2008 6:54:43 AM","x"
"1133","20080605","1878","C117-1","El Salvador, Medium Roast","1","10.45","1","8/22/2008 6:54:43 AM","x"
"1133","20080605","1878","C118-1","Ethiopia Yirgacheffe, Medium Roast","1","10.95","1","8/22/2008 6:54:43 AM","x"
"1133","20080605","1879","C127-1","Ethiopia Harrar, Full City Roast","1","10.95","1","8/22/2008 6:54:43 AM","x"
"1133","20080605","1879","C117-1","El Salvador, Medium Roast","1","10.45","1","8/22/2008 6:54:43 AM","x"
"1133","20080605","1880","C160-1","Original Espresso Blend, Medium Roast","1","10.95","1","8/22/2008 6:54:43 AM","x"
"1133","20080605","1880","C162-1","Easygoing Espresso Blend, Full City Roast","1","10.95","1","8/22/2008 6:54:43 AM","x"
"1133","20080605","1881","C117-1","El Salvador, Medium Roast","1","10.45","1","8/22/2008 6:54:43 AM","x"
"1133","20080605","1881","C111-1","Nicaragua, Medium Roast","1","10.45","1","8/22/2008 6:54:43 AM","x"
"1133","20080605","1882","C127-1","Ethiopia Harrar, Full City Roast","1","10.95","1","8/22/2008 6:54:43 AM","x"
"1133","20080605","1882","C122-1","Guatemala, Full City Roast","1","10.45","1","8/22/2008 6:54:43 AM","x"
"1133","20080605","1882","C124-1","Mexico Chiapas, Full City Roast","1","10.45","1","8/22/2008 6:54:43 AM","x"
"1133","20080605","1882","C165-2","Half Caff Blend, Full City Roast","1","20.95","2","8/22/2008 6:54:43 AM","x"
"1133","20080605","1882","C166-1","Half Caff Blend, Dark Roast","1","10.95","1","8/22/2008 6:54:43 AM","x"
"1133","20080605","1882","C150-1","Justice Blend, Full City Roast","1","10.95","1","8/22/2008 6:54:43 AM","x"
"1133","20080605","1883","C127-1","Ethiopia Harrar, Full City Roast","3","10.95","1","8/22/2008 6:54:43 AM","x"
"1133","20080605","1884","C136-2","Colombia, Dark Roast","2","20.95","2","8/22/2008 6:54:43 AM","x"
"1133","20080606","1885","C151-2","Benevolent Blend, Medium Roast","1","20.95","2","8/22/2008 6:54:43 AM","x"
"1133","20080606","1885","C150-2","Justice Blend, Full City Roast","1","20.95","2","8/22/2008 6:54:43 AM","x"
"1133","20080606","1888","C165-2","Half Caff Blend, Full City Roast","2","20.95","2","8/22/2008 6:54:43 AM","x"
"1135","20080606","1889","C127-2","Ethiopia Harrar, Full City Roast","1","20.95","2","8/22/2008 6:54:43 AM","x"
"1135","20080606","1889","C117-2","El Salvador, Medium Roast","1","19.95","2","8/22/2008 6:54:43 AM","x"
"1135","20080606","1891","C117-1","El Salvador, Medium Roast","1","10.45","1","8/22/2008 6:54:43 AM","x"
"1135","20080606","1891","C136-1","Colombia, Dark Roast","1","10.95","1","8/22/2008 6:54:43 AM","x"
"1135","20080606","1892","C171-2","House Blend Decaf, Dark Roast","1","20.95","2","8/22/2008 6:54:43 AM","x"
"1135","20080606","1893","C127-1","Ethiopia Harrar, Full City Roast","1","10.95","1","8/22/2008 6:54:43 AM","x"
"1135","20080606","1893","C165-1","Half Caff Blend, Full City Roast","1","10.95","1","8/22/2008 6:54:43 AM","x"
"1135","20080606","1894","C118-1","Ethiopia Yirgacheffe, Medium Roast","2","10.95","1","8/22/2008 6:54:43 AM","x"
"1135","20080606","1894","C125-1","Ethiopia Sidamo, Full City Roast","2","10.95","1","8/22/2008 6:54:43 AM","x"
"1135","20080606","1894","C127-1","Ethiopia Harrar, Full City Roast","2","10.95","1","8/22/2008 6:54:43 AM","x"
"1135","20080606","1895","C123-1","Sumatra, Full City Roast","1","10.95","1","8/22/2008 6:54:43 AM","x"
"1135","20080606","1895","C131-1","Nicaragua, Dark Roast","1","10.45","1","8/22/2008 6:54:43 AM","x"
"1135","20080607","1896","C127-5","Ethiopia Harrar, Full City Roast","1","49.95","5","8/22/2008 6:54:43 AM","x"
"1135","20080607","1897","C123-2","Sumatra, Full City Roast","2","20.95","2","8/22/2008 6:54:43 AM","x"
"1135","20080607","1897","C139-2","East Timor, Dark Roast","2","20.95","2","8/22/2008 6:54:43 AM","x"
"1135","20080607","1898","C117-1","El Salvador, Medium Roast","1","10.45","1","8/22/2008 6:54:43 AM","x"
"1135","20080607","1899","C118-1","Ethiopia Yirgacheffe, Medium Roast","1","10.95","1","8/22/2008 6:54:43 AM","x"
"1135","20080607","1899","C127-1","Ethiopia Harrar, Full City Roast","2","10.95","1","8/22/2008 6:54:43 AM","x"
"1135","20080607","1899","C155-2","BRAG Brew, Full City Roast","1","20.95","2","8/22/2008 6:54:43 AM","x"
"1135","20080608","1900","C152-1","Critical Mass Blend, Dark Roast","2","10.95","1","8/22/2008 6:54:43 AM","x"
"1135","20080608","1900","C171-1","House Blend Decaf, Dark Roast","1","11.25","1","8/22/2008 6:54:43 AM","x"
"1135","20080608","1901","C117-1","El Salvador, Medium Roast","1","10.45","1","8/22/2008 6:54:43 AM","x"
"1135","20080608","1901","C136-1","Colombia, Dark Roast","1","10.95","1","8/22/2008 6:54:43 AM","x"
"1135","20080608","1901","C155-1","BRAG Brew, Full City Roast","1","10.95","1","8/22/2008 6:54:43 AM","x"
"1135","20080608","1901","C124-1","Mexico Chiapas, Full City Roast","1","10.45","1","8/22/2008 6:54:43 AM","x"
"1135","20080608","1902","C116-2","Colombia, Medium Roast","2","19.95","2","8/22/2008 6:54:43 AM","x"
"1135","20080609","1903","C117-1","El Salvador, Medium Roast","1","10.45","1","8/22/2008 6:54:43 AM","x"
"1135","20080609","1903","C124-1","Mexico Chiapas, Full City Roast","1","10.45","1","8/22/2008 6:54:43 AM","x"
"1135","20080609","1904","C152-1","Critical Mass Blend, Dark Roast","4","10.95","1","8/22/2008 6:54:43 AM","x"
"1135","20080609","1905","C171-1","House Blend Decaf, Dark Roast","1","11.25","1","8/22/2008 6:54:43 AM","x"
"1136","20080609","1906","C131-1","Nicaragua, Dark Roast","2","10.45","1","8/22/2008 6:54:43 AM","x"
"1136","20080609","1907","C136-2","Colombia, Dark Roast","1","20.95","2","8/22/2008 6:54:43 AM","x"
"1136","20080609","1908","C117-5","El Salvador, Medium Roast","1","47.45","5","8/22/2008 6:54:43 AM","x"
"1136","20080609","1908","C118-2","Ethiopia Yirgacheffe, Medium Roast","1","20.95","2","8/22/2008 6:54:43 AM","x"
"1136","20080609","1908","C123-2","Sumatra, Full City Roast","1","20.95","2","8/22/2008 6:54:43 AM","x"
"1136","20080609","1909","C122-5","Guatemala, Full City Roast","1","47.45","5","8/22/2008 6:54:43 AM","x"
"1136","20080609","1909","C124-1","Mexico Chiapas, Full City Roast","1","10.45","1","8/22/2008 6:54:43 AM","x"
"1136","20080609","1910","C155-5","BRAG Brew, Full City Roast","1","49.95","5","8/22/2008 6:54:43 AM","x"
"1136","20080609","1911","C117-2","El Salvador, Medium Roast","1","19.95","2","8/22/2008 6:54:43 AM","x"
"1136","20080609","1912","C152-1","Critical Mass Blend, Dark Roast","1","10.95","1","8/22/2008 6:54:43 AM","x"
"1136","20080609","1912","C153-1","Mad Poet Blend, Dark Roast","1","10.95","1","8/22/2008 6:54:43 AM","x"
"1136","20080609","1912","C151-1","Benevolent Blend, Medium Roast","1","10.95","1","8/22/2008 6:54:43 AM","x"
"1136","20080609","1913","C127-2","Ethiopia Harrar, Full City Roast","5","20.95","2","8/22/2008 6:54:43 AM","x"
"1136","20080609","1914","C129-1","Peru, Full City Roast","1","10.45","1","8/22/2008 6:54:43 AM","x"
"1136","20080609","1915","C117-2","El Salvador, Medium Roast","1","19.95","2","8/22/2008 6:54:43 AM","x"
"1136","20080609","1915","C171-2","House Blend Decaf, Dark Roast","1","20.95","2","8/22/2008 6:54:43 AM","x"
"1136","20080609","1915","C127-2","Ethiopia Harrar, Full City Roast","1","20.95","2","8/22/2008 6:54:43 AM","x"
"1136","20080609","1916","C131-1","Nicaragua, Dark Roast","1","10.45","1","8/22/2008 6:54:43 AM","x"
"1136","20080609","1916","C139-1","East Timor, Dark Roast","1","10.95","1","8/22/2008 6:54:43 AM","x"
"1136","20080609","1917","C131-1","Nicaragua, Dark Roast","2","10.45","1","8/22/2008 6:54:43 AM","x"
"1136","20080609","1917","C118-1","Ethiopia Yirgacheffe, Medium Roast","1","10.95","1","8/22/2008 6:54:43 AM","x"
"1136","20080609","1917","C117-1","El Salvador, Medium Roast","1","10.45","1","8/22/2008 6:54:43 AM","x"
"1137","20080610","1918","C127-2","Ethiopia Harrar, Full City Roast","1","20.95","2","8/22/2008 6:54:43 AM","x"
"1137","20080610","1918","C171-2","House Blend Decaf, Dark Roast","1","20.95","2","8/22/2008 6:54:43 AM","x"
"1137","20080610","1918","C170-2","House Blend Decaf, Full City Roast","1","20.95","2","8/22/2008 6:54:43 AM","x"
"1137","20080610","1919","C117-1","El Salvador, Medium Roast","1","10.45","1","8/22/2008 6:54:43 AM","x"
"1137","20080610","1919","C131-2","Nicaragua, Dark Roast","1","19.95","2","8/22/2008 6:54:43 AM","x"
"1137","20080610","1919","C165-1","Half Caff Blend, Full City Roast","1","10.95","1","8/22/2008 6:54:43 AM","x"
"1137","20080610","1919","C125-1","Ethiopia Sidamo, Full City Roast","1","10.95","1","8/22/2008 6:54:43 AM","x"
"1137","20080610","1919","C117-5","El Salvador, Medium Roast","1","47.45","5","8/22/2008 6:54:43 AM","x"
"1137","20080610","1920","C122-1","Guatemala, Full City Roast","3","10.45","1","8/22/2008 6:54:43 AM","x"
"1137","20080610","1921","C122-1","Guatemala, Full City Roast","1","10.45","1","8/22/2008 6:54:43 AM","x"
"1137","20080611","1923","C150-5","Justice Blend, Full City Roast","2","49.95","5","8/22/2008 6:54:43 AM","x"
"1137","20080611","1924","C136-2","Colombia, Dark Roast","1","20.95","2","8/22/2008 6:54:43 AM","x"
"1137","20080611","1924","C171-2","House Blend Decaf, Dark Roast","1","20.95","2","8/22/2008 6:54:43 AM","x"
"1138","20080611","1925","C136-2","Colombia, Dark Roast","1","20.95","2","8/22/2008 6:54:43 AM","x"
"1138","20080611","1926","C122-5","Guatemala, Full City Roast","1","47.45","5","8/22/2008 6:54:43 AM","x"
"1138","20080611","1929","C118-2","Ethiopia Yirgacheffe, Medium Roast","1","20.95","2","8/22/2008 6:54:43 AM","x"
"1138","20080611","1929","C127-1","Ethiopia Harrar, Full City Roast","1","10.95","1","8/22/2008 6:54:43 AM","x"
"1138","20080611","1930","C127-1","Ethiopia Harrar, Full City Roast","1","10.95","1","8/22/2008 6:54:43 AM","x"
"1138","20080611","1930","C124-1","Mexico Chiapas, Full City Roast","1","10.45","1","8/22/2008 6:54:43 AM","x"
"1138","20080611","1930","C123-1","Sumatra, Full City Roast","1","10.95","1","8/22/2008 6:54:43 AM","x"
"1138","20080612","1931","C122-1","Guatemala, Full City Roast","4","10.45","1","8/22/2008 6:54:43 AM","x"
"1140","20080612","1932","C117-1","El Salvador, Medium Roast","1","10.45","1","8/22/2008 6:54:43 AM","x"
"1140","20080612","1932","C127-1","Ethiopia Harrar, Full City Roast","1","10.95","1","8/22/2008 6:54:43 AM","x"
"1140","20080612","1932","C123-1","Sumatra, Full City Roast","1","10.95","1","8/22/2008 6:54:43 AM","x"
"1140","20080612","1934","C179-5","Type A Espresso Blend, Dark Roast","1","46.95","5","8/22/2008 6:54:43 AM","x"
"1141","20080613","1935","C125-2","Ethiopia Sidamo, Full City Roast","1","20.95","2","8/22/2008 6:54:43 AM","x"
"1141","20080613","1935","C136-5","Colombia, Dark Roast","1","49.95","5","8/22/2008 6:54:43 AM","x"
"1141","20080613","1937","C124-1","Mexico Chiapas, Full City Roast","2","10.45","1","8/22/2008 6:54:43 AM","x"
"1141","20080613","1937","C170-1","House Blend Decaf, Full City Roast","1","11.25","1","8/22/2008 6:54:43 AM","x"
"1141","20080613","1937","C117-1","El Salvador, Medium Roast","1","10.45","1","8/22/2008 6:54:43 AM","x"
"1141","20080613","1937","C111-1","Nicaragua, Medium Roast","1","10.45","1","8/22/2008 6:54:43 AM","x"
"1141","20080613","1937","C127-1","Ethiopia Harrar, Full City Roast","1","10.95","1","8/22/2008 6:54:43 AM","x"
"1141","20080613","1937","C109-1","Dominican Republic Medium Roast","1","10.45","1","8/22/2008 6:54:43 AM","x"
"1141","20080613","1937","C156-1","Georgia Organics Special Blend, Medium Roast","1","10.95","1","8/22/2008 6:54:43 AM","x"
"1141","20080613","1938","C123-1","Sumatra, Full City Roast","1","10.95","1","8/22/2008 6:54:43 AM","x"
"1141","20080613","1938","C127-1","Ethiopia Harrar, Full City Roast","1","10.95","1","8/22/2008 6:54:43 AM","x"
"1141","20080613","1938","C124-1","Mexico Chiapas, Full City Roast","1","10.45","1","8/22/2008 6:54:43 AM","x"
"1141","20080613","1939","C151-1","Benevolent Blend, Medium Roast","1","10.95","1","8/22/2008 6:54:43 AM","x"
"1141","20080613","1940","C171-2","House Blend Decaf, Dark Roast","1","20.95","2","8/22/2008 6:54:43 AM","x"
"1141","20080613","1940","C137-2","Bolivia, Dark Roast","1","20.95","2","8/22/2008 6:54:43 AM","x"
"1141","20080614","1941","C139-1","East Timor, Dark Roast","6","10.95","1","8/22/2008 6:54:43 AM","x"
"1141","20080614","1942","C131-1","Nicaragua, Dark Roast","1","10.45","1","8/22/2008 6:54:43 AM","x"
"1141","20080614","1942","C111-1","Nicaragua, Medium Roast","1","10.45","1","8/22/2008 6:54:43 AM","x"
"1141","20080614","1943","C136-1","Colombia, Dark Roast","1","10.95","1","8/22/2008 6:54:43 AM","x"
"1141","20080614","1943","C139-1","East Timor, Dark Roast","1","10.95","1","8/22/2008 6:54:43 AM","x"
"1141","20080615","1944","C131-1","Nicaragua, Dark Roast","1","10.45","1","8/22/2008 6:54:43 AM","x"
"1141","20080615","1944","C153-1","Mad Poet Blend, Dark Roast","1","10.95","1","8/22/2008 6:54:43 AM","x"
"1141","20080615","1944","C139-1","East Timor, Dark Roast","1","10.95","1","8/22/2008 6:54:43 AM","x"
"1141","20080615","1945","C171-1","House Blend Decaf, Dark Roast","1","11.25","1","8/22/2008 6:54:43 AM","x"
"1141","20080615","1946","C111-2","Nicaragua, Medium Roast","2","19.95","1","8/22/2008 6:54:43 AM","x"
"1141","20080615","1947","C118-2","Ethiopia Yirgacheffe, Medium Roast","1","20.95","2","8/22/2008 6:54:43 AM","x"
"1141","20080615","1948","C116-1","Colombia, Medium Roast","1","10.45","1","8/22/2008 6:54:43 AM","x"
"1141","20080615","1949","C179-2","Type A Espresso Blend, Dark Roast","1","19.95","2","8/22/2008 6:54:43 AM","x"
"1141","20080615","1949","C153-1","Mad Poet Blend, Dark Roast","1","10.95","1","8/22/2008 6:54:43 AM","x"
"1141","20080615","1950","C179-1","Type A Espresso Blend, Dark Roast","1","10.35","1","8/22/2008 6:54:43 AM","x"
"1141","20080615","1951","C166-2","Half Caff Blend, Dark Roast","1","20.95","2","8/22/2008 6:54:43 AM","x"
"1141","20080616","1955","C123-1","Sumatra, Full City Roast","1","10.95","1","8/22/2008 6:54:43 AM","x"
"1141","20080616","1955","C124-1","Mexico Chiapas, Full City Roast","1","10.45","1","8/22/2008 6:54:43 AM","x"
"1141","20080616","1955","C150-1","Justice Blend, Full City Roast","1","10.95","1","8/22/2008 6:54:43 AM","x"
"1141","20080616","1955","C117-1","El Salvador, Medium Roast","1","10.45","1","8/22/2008 6:54:43 AM","x"
"1141","20080612","1933","C123-5","Sumatra, Full City Roast","4","49.95","5","8/22/2008 6:54:43 AM","x"
"1142","20080616","1956","C152-5","Critical Mass Blend, Dark Roast","3","49.95","5","8/22/2008 6:54:43 AM","x"
"1142","20080616","1960","C137-1","Bolivia, Dark Roast","5","10.95","1","8/22/2008 6:54:43 AM","x"
"1142","20080616","1960","C137-1","Bolivia, Dark Roast","1","10.95","1","8/22/2008 6:54:43 AM","x"
"1142","20080616","1961","C139-5","East Timor, Dark Roast","1","49.95","5","8/22/2008 6:54:43 AM","x"
"1142","20080616","1962","C129-5","Peru, Full City Roast","1","47.45","5","8/22/2008 6:54:43 AM","x"
"1142","20080616","1963","C139-2","East Timor, Dark Roast","1","20.95","2","8/22/2008 6:54:43 AM","x"
"1143","20080617","1964","C171-5","House Blend Decaf, Dark Roast","1","52.95","5","8/22/2008 6:54:43 AM","x"
"1143","20080617","1964","C166-5","Half Caff Blend, Dark Roast","1","49.95","5","8/22/2008 6:54:43 AM","x"
"1143","20080617","1965","C170-1","House Blend Decaf, Full City Roast","1","11.25","1","8/22/2008 6:54:43 AM","x"
"1143","20080617","1965","C156-1","Georgia Organics Special Blend, Medium Roast","1","10.95","1","8/22/2008 6:54:43 AM","x"
"1143","20080617","1966","C179-1","Type A Espresso Blend, Dark Roast","1","10.35","1","8/22/2008 6:54:43 AM","x"
"1143","20080617","1967","C117-1","El Salvador, Medium Roast","1","10.45","1","8/22/2008 6:54:43 AM","x"
"1143","20080617","1967","C127-1","Ethiopia Harrar, Full City Roast","1","10.95","1","8/22/2008 6:54:43 AM","x"
"1143","20080617","1967","C159-1","Maty's Blend, Full City Roast","1","10.95","1","8/22/2008 6:54:43 AM","x"
"1143","20080617","1968","C117-1","El Salvador, Medium Roast","1","10.45","1","8/22/2008 6:54:43 AM","x"
"1143","20080617","1968","C150-1","Justice Blend, Full City Roast","2","10.95","1","8/22/2008 6:54:43 AM","x"
"1143","20080617","1968","C123-1","Sumatra, Full City Roast","1","10.95","1","8/22/2008 6:54:43 AM","x"
"1143","20080617","1970","C118-2","Ethiopia Yirgacheffe, Medium Roast","2","20.95","2","8/22/2008 6:54:43 AM","x"
"1143","20080617","1970","C111-1","Nicaragua, Medium Roast","1","10.45","1","8/22/2008 6:54:43 AM","x"
"1143","20080617","1971","C118-2","Ethiopia Yirgacheffe, Medium Roast","1","20.95","2","8/22/2008 6:54:43 AM","x"
"1143","20080617","1971","C127-1","Ethiopia Harrar, Full City Roast","1","10.95","1","8/22/2008 6:54:43 AM","x"
"1143","20080618","1972","C152-5","Critical Mass Blend, Dark Roast","1","49.95","5","8/22/2008 6:54:43 AM","x"
"1143","20080618","1973","C118-1","Ethiopia Yirgacheffe, Medium Roast","1","10.95","1","8/22/2008 6:54:43 AM","x"
"1143","20080618","1973","C118-2","Ethiopia Yirgacheffe, Medium Roast","1","20.95","2","8/22/2008 6:54:43 AM","x"
"1144","20080618","1974","C122-1","Guatemala, Full City Roast","1","10.45","1","8/22/2008 6:54:43 AM","x"
"1144","20080618","1974","C156-1","Georgia Organics Special Blend, Medium Roast","1","10.95","1","8/22/2008 6:54:43 AM","x"
"1144","20080618","1974","C152-1","Critical Mass Blend, Dark Roast","1","10.95","1","8/22/2008 6:54:43 AM","x"
"1144","20080618","1974","C170-1","House Blend Decaf, Full City Roast","1","11.25","1","8/22/2008 6:54:43 AM","x"
"1144","20080618","1975","C151-5","Benevolent Blend, Medium Roast","1","49.95","5","8/22/2008 6:54:43 AM","x"
"1144","20080618","1976","C152-2","Critical Mass Blend, Dark Roast","1","20.95","2","8/22/2008 6:54:43 AM","x"
"1144","20080618","1977","C118-1","Ethiopia Yirgacheffe, Medium Roast","1","10.95","1","8/22/2008 6:54:43 AM","x"
"1144","20080618","1977","C111-1","Nicaragua, Medium Roast","1","10.45","1","8/22/2008 6:54:43 AM","x"
"1144","20080618","1978","C125-1","Ethiopia Sidamo, Full City Roast","1","10.95","1","8/22/2008 6:54:43 AM","x"
"1144","20080618","1978","C137-1","Bolivia, Dark Roast","1","10.95","1","8/22/2008 6:54:43 AM","x"
"1144","20080618","1978","C122-2","Guatemala, Full City Roast","1","19.95","2","8/22/2008 6:54:43 AM","x"
"1144","20080618","1979","C117-1","El Salvador, Medium Roast","1","10.45","1","8/22/2008 6:54:43 AM","x"
"1144","20080618","1979","C157-1","Georgia River Network Blend, Full City Roast","1","10.95","1","8/22/2008 6:54:43 AM","x"
"1144","20080618","1979","C131-1","Nicaragua, Dark Roast","1","10.45","1","8/22/2008 6:54:43 AM","x"
"1144","20080619","1980","C124-5","Mexico Chiapas, Full City Roast","1","47.45","5","8/22/2008 6:54:43 AM","x"
"1145","20080619","1981","C172-2","Decaf Espresso Blend, Full City Roast","1","20.95","2","8/22/2008 6:54:43 AM","x"
"1145","20080619","1982","C118-5","Ethiopia Yirgacheffe, Medium Roast","1","49.95","5","8/22/2008 6:54:43 AM","x"
"1145","20080619","1982","C127-1","Ethiopia Harrar, Full City Roast","1","10.95","1","8/22/2008 6:54:43 AM","x"
"1145","20080619","1982","C125-1","Ethiopia Sidamo, Full City Roast","1","10.95","1","8/22/2008 6:54:43 AM","x"
"1145","20080619","1983","C117-1","El Salvador, Medium Roast","1","10.45","1","8/22/2008 6:54:43 AM","x"
"1145","20080619","1983","C170-1","House Blend Decaf, Full City Roast","1","11.25","1","8/22/2008 6:54:43 AM","x"
"1145","20080619","1983","C166-1","Half Caff Blend, Dark Roast","1","10.95","1","8/22/2008 6:54:43 AM","x"
"1145","20080619","1984","C179-5","Type A Espresso Blend, Dark Roast","1","46.95","5","8/22/2008 6:54:43 AM","x"
"1145","20080620","1986","C122-1","Guatemala, Full City Roast","1","10.45","1","8/22/2008 6:54:43 AM","x"
"1145","20080620","1986","C125-1","Ethiopia Sidamo, Full City Roast","1","10.95","1","8/22/2008 6:54:43 AM","x"
"1145","20080620","1986","C123-1","Sumatra, Full City Roast","1","10.95","1","8/22/2008 6:54:43 AM","x"
"1145","20080620","1986","C118-1","Ethiopia Yirgacheffe, Medium Roast","1","10.95","1","8/22/2008 6:54:43 AM","x"
"1146","20080620","1987","C136-2","Colombia, Dark Roast","1","20.95","2","8/22/2008 6:54:43 AM","x"
"1146","20080620","1987","C139-2","East Timor, Dark Roast","1","20.95","2","8/22/2008 6:54:43 AM","x"
"1146","20080620","1988","C117-2","El Salvador, Medium Roast","1","19.95","2","8/22/2008 6:54:43 AM","x"
"1146","20080620","1989","C122-1","Guatemala, Full City Roast","3","10.45","1","8/22/2008 6:54:43 AM","x"
"1146","20080620","1989","C122-1","Guatemala, Full City Roast","3","10.45","1","8/22/2008 6:54:43 AM","x"
"1146","20080620","1990","C179-1","Type A Espresso Blend, Dark Roast","1","10.35","1","8/22/2008 6:54:43 AM","x"
"1146","20080620","1990","C152-1","Critical Mass Blend, Dark Roast","1","10.95","1","8/22/2008 6:54:43 AM","x"
"1146","20080621","1991","C117-2","El Salvador, Medium Roast","1","19.95","2","8/22/2008 6:54:43 AM","x"
"1146","20080621","1992","C150-1","Justice Blend, Full City Roast","2","10.95","1","8/22/2008 6:54:43 AM","x"
"1146","20080621","1993","C159-1","Maty's Blend, Full City Roast","1","10.95","1","8/22/2008 6:54:43 AM","x"
"1146","20080621","1993","C129-1","Peru, Full City Roast","1","10.45","1","8/22/2008 6:54:43 AM","x"
"1146","20080621","1993","C156-1","Georgia Organics Special Blend, Medium Roast","1","10.95","1","8/22/2008 6:54:43 AM","x"
"1146","20080622","1994","C123-2","Sumatra, Full City Roast","1","20.95","2","8/22/2008 6:54:43 AM","x"
"1146","20080622","1994","C154-2","Mondo Kawan Blend, Full City Roast","1","20.95","2","8/22/2008 6:54:43 AM","x"
"1146","20080622","1995","C123-2","Sumatra, Full City Roast","1","20.95","2","8/22/2008 6:54:43 AM","x"
"1146","20080622","1996","C137-1","Bolivia, Dark Roast","3","10.95","1","8/22/2008 6:54:43 AM","x"
"1146","20080623","1997","C172-1","Decaf Espresso Blend, Full City Roast","1","11.25","1","8/22/2008 6:54:43 AM","x"
"1146","20080623","1997","C123-1","Sumatra, Full City Roast","1","10.95","1","8/22/2008 6:54:43 AM","x"
"1146","20080623","1998","C122-1","Guatemala, Full City Roast","3","10.45","1","8/22/2008 6:54:43 AM","x"
"1146","20080623","1998","C170-1","House Blend Decaf, Full City Roast","2","11.25","1","8/22/2008 6:54:43 AM","x"
"1146","20080623","1998","C170-5","House Blend Decaf, Full City Roast","3","52.95","5","8/22/2008 6:54:43 AM","x"
"1147","20080623","1999","C127-1","Ethiopia Harrar, Full City Roast","1","10.95","1","8/22/2008 6:54:43 AM","x"
"1147","20080623","1999","C122-1","Guatemala, Full City Roast","1","10.45","1","8/22/2008 6:54:43 AM","x"
"1147","20080623","2000","C122-1","Guatemala, Full City Roast","1","10.45","1","8/22/2008 6:54:43 AM","x"
"1147","20080623","2000","C123-1","Sumatra, Full City Roast","2","10.95","1","8/22/2008 6:54:43 AM","x"
"1147","20080623","2000","C153-1","Mad Poet Blend, Dark Roast","1","10.95","1","8/22/2008 6:54:43 AM","x"
"1147","20080623","2001","C116-5","Colombia, Medium Roast","1","47.45","5","8/22/2008 6:54:43 AM","x"
"1147","20080623","2001","C170-2","House Blend Decaf, Full City Roast","1","20.95","2","8/22/2008 6:54:43 AM","x"
"1147","20080623","2002","C124-2","Mexico Chiapas, Full City Roast","1","19.95","2","8/22/2008 6:54:43 AM","x"
"1147","20080623","2002","C122-1","Guatemala, Full City Roast","1","10.45","1","8/22/2008 6:54:43 AM","x"
"1147","20080623","2002","C131-1","Nicaragua, Dark Roast","1","10.45","1","8/22/2008 6:54:43 AM","x"
"1147","20080624","2003","C155-1","BRAG Brew, Full City Roast","2","10.95","1","8/22/2008 6:54:43 AM","x"
"1147","20080624","2003","C139-1","East Timor, Dark Roast","2","10.95","1","8/22/2008 6:54:43 AM","x"
"1147","20080624","2003","C152-1","Critical Mass Blend, Dark Roast","1","10.95","1","8/22/2008 6:54:43 AM","x"
"1147","20080624","2003","C123-1","Sumatra, Full City Roast","2","10.95","1","8/22/2008 6:54:43 AM","x"
"1147","20080624","2003","C157-1","Georgia River Network Blend, Full City Roast","2","10.95","1","8/22/2008 6:54:43 AM","x"
"1147","20080624","2003","C127-1","Ethiopia Harrar, Full City Roast","1","10.95","1","8/22/2008 6:54:43 AM","x"
"1148","20080624","2008","C123-1","Sumatra, Full City Roast","1","10.95","1","8/22/2008 6:54:43 AM","x"
"1148","20080624","2008","C122-1","Guatemala, Full City Roast","1","10.45","1","8/22/2008 6:54:43 AM","x"
"1148","20080624","2008","C151-1","Benevolent Blend, Medium Roast","1","10.95","1","8/22/2008 6:54:43 AM","x"
"1148","20080624","2008","C127-1","Ethiopia Harrar, Full City Roast","1","10.95","1","8/22/2008 6:54:43 AM","x"
"1150","20080625","2009","C153-2","Mad Poet Blend, Dark Roast","2","20.95","2","8/22/2008 6:54:43 AM","x"
"1150","20080625","2009","C162-2","Easygoing Espresso Blend, Full City Roast","1","20.95","1","8/22/2008 6:54:43 AM","x"
"1150","20080625","2010","C170-5","House Blend Decaf, Full City Roast","1","52.95","5","8/22/2008 6:54:43 AM","x"
"1150","20080625","2010","C117-1","El Salvador, Medium Roast","1","10.45","1","8/22/2008 6:54:43 AM","x"
"1150","20080625","2012","C131-1","Nicaragua, Dark Roast","2","10.45","1","8/22/2008 6:54:43 AM","x"
"1150","20080625","2013","C157-1","Georgia River Network Blend, Full City Roast","1","10.95","1","8/22/2008 6:54:43 AM","x"
"1150","20080625","2015","C118-1","Ethiopia Yirgacheffe, Medium Roast","1","10.95","1","8/22/2008 6:54:43 AM","x"
"1150","20080625","2015","C118-1","Ethiopia Yirgacheffe, Medium Roast","2","10.95","1","8/22/2008 6:54:43 AM","x"
"1150","20080625","2016","C123-2","Sumatra, Full City Roast","1","20.95","2","8/22/2008 6:54:43 AM","x"
"1150","20080625","2017","C127-1","Ethiopia Harrar, Full City Roast","1","10.95","1","8/22/2008 6:54:43 AM","x"
"1150","20080625","2017","C125-1","Ethiopia Sidamo, Full City Roast","1","10.95","1","8/22/2008 6:54:43 AM","x"
"1150","20080625","2017","C123-1","Sumatra, Full City Roast","1","10.95","1","8/22/2008 6:54:43 AM","x"
"1150","20080625","2018","C131-2","Nicaragua, Dark Roast","3","19.95","2","8/22/2008 6:54:43 AM","x"
"1150","20080625","2018","C124-2","Mexico Chiapas, Full City Roast","2","19.95","2","8/22/2008 6:54:43 AM","x"
"1150","20080626","2019","C150-2","Justice Blend, Full City Roast","1","20.95","2","8/22/2008 6:54:43 AM","x"
"1151","20080626","2021","C123-1","Sumatra, Full City Roast","2","10.95","1","8/22/2008 6:54:43 AM","x"
"1151","20080626","2022","C157-2","Georgia River Network Blend, Full City Roast","1","20.95","2","8/22/2008 6:54:43 AM","x"
"1151","20080626","2022","C131-1","Nicaragua, Dark Roast","1","10.45","1","8/22/2008 6:54:43 AM","x"
"1151","20080626","2023","C157-1","Georgia River Network Blend, Full City Roast","1","10.95","1","8/22/2008 6:54:43 AM","x"
"1151","20080626","2023","C122-1","Guatemala, Full City Roast","1","10.45","1","8/22/2008 6:54:43 AM","x"
"1152","20080627","2024","C171-5","House Blend Decaf, Dark Roast","1","52.95","5","8/22/2008 6:54:43 AM","x"
"1152","20080627","2024","C139-5","East Timor, Dark Roast","1","49.95","5","8/22/2008 6:54:43 AM","x"
"1152","20080628","2025","C118-1","Ethiopia Yirgacheffe, Medium Roast","1","10.95","1","8/22/2008 6:54:43 AM","x"
"1152","20080628","2025","C156-1","Georgia Organics Special Blend, Medium Roast","1","10.95","1","8/22/2008 6:54:43 AM","x"
"1152","20080628","2025","C111-1","Nicaragua, Medium Roast","1","10.45","1","8/22/2008 6:54:43 AM","x"
"1152","20080628","2026","C116-1","Colombia, Medium Roast","1","10.45","1","8/22/2008 6:54:43 AM","x"
"1152","20080628","2027","C111-5","Nicaragua, Medium Roast","1","47.45","5","8/22/2008 6:54:43 AM","x"
"1152","20080628","2027","C170-2","House Blend Decaf, Full City Roast","1","20.95","2","8/22/2008 6:54:43 AM","x"
"1152","20080629","2028","C153-2","Mad Poet Blend, Dark Roast","1","20.95","2","8/22/2008 6:54:43 AM","x"
"1152","20080629","2029","C159-1","Maty's Blend, Full City Roast","1","10.95","1","8/22/2008 6:54:43 AM","x"
"1152","20080629","2029","C118-2","Ethiopia Yirgacheffe, Medium Roast","1","20.95","2","8/22/2008 6:54:43 AM","x"
"1152","20080629","2029","C117-1","El Salvador, Medium Roast","1","10.45","1","8/22/2008 6:54:43 AM","x"
"1152","20080629","2030","C131-2","Nicaragua, Dark Roast","1","19.95","2","8/22/2008 6:54:43 AM","x"
"1152","20080629","2030","C137-2","Bolivia, Dark Roast","1","20.95","2","8/22/2008 6:54:43 AM","x"
"1152","20080629","2030","C139-2","East Timor, Dark Roast","1","20.95","2","8/22/2008 6:54:43 AM","x"
"1152","20080629","2030","C153-2","Mad Poet Blend, Dark Roast","1","20.95","2","8/22/2008 6:54:43 AM","x"
"1152","20080629","2031","C136-2","Colombia, Dark Roast","1","20.95","2","8/22/2008 6:54:43 AM","x"
"1152","20080629","2032","C179-1","Type A Espresso Blend, Dark Roast","1","10.35","1","8/22/2008 6:54:43 AM","x"
"1152","20080629","2032","C170-1","House Blend Decaf, Full City Roast","1","11.25","1","8/22/2008 6:54:43 AM","x"
"1152","20080629","2033","C131-5","Nicaragua, Dark Roast","1","49.95","5","8/22/2008 6:54:43 AM","x"
"1152","20080629","2033","C153-2","Mad Poet Blend, Dark Roast","1","20.95","2","8/22/2008 6:54:43 AM","x"
"1152","20080629","2034","C137-1","Bolivia, Dark Roast","2","10.95","1","8/22/2008 6:54:43 AM","x"
"1152","20080629","2035","C156-1","Georgia Organics Special Blend, Medium Roast","1","10.95","1","8/22/2008 6:54:43 AM","x"
"1152","20080629","2035","C116-2","Colombia, Medium Roast","1","19.95","2","8/22/2008 6:54:43 AM","x"
"1152","20080629","2035","C109-1","Dominican Republic Medium Roast","1","10.45","1","8/22/2008 6:54:43 AM","x"
"1152","20080629","2036","C153-2","Mad Poet Blend, Dark Roast","1","20.95","2","8/22/2008 6:54:43 AM","x"
"1153","20080630","2037","C122-2","Guatemala, Full City Roast","1","19.95","2","8/22/2008 6:54:43 AM","x"
"1153","20080630","2038","C117-1","El Salvador, Medium Roast","1","10.45","1","8/22/2008 6:54:43 AM","x"
"1153","20080630","2038","C111-1","Nicaragua, Medium Roast","1","10.45","1","8/22/2008 6:54:43 AM","x"
"1153","20080630","2039","C139-1","East Timor, Dark Roast","1","10.95","1","8/22/2008 6:54:43 AM","x"
"1153","20080630","2039","C123-1","Sumatra, Full City Roast","1","10.95","1","8/22/2008 6:54:43 AM","x"
"1153","20080630","2039","C170-2","House Blend Decaf, Full City Roast","1","20.95","2","8/22/2008 6:54:43 AM","x"
"1153","20080630","2040","C172-1","Decaf Espresso Blend, Full City Roast","1","11.25","1","8/22/2008 6:54:43 AM","x"
"1153","20080630","2040","C160-2","Original Espresso Blend, Medium Roast","1","20.95","2","8/22/2008 6:54:43 AM","x"
"1153","20080630","2041","C165-2","Half Caff Blend, Full City Roast","2","20.95","2","8/22/2008 6:54:43 AM","x"
"1153","20080630","2042","C162-2","Easygoing Espresso Blend, Full City Roast","1","20.95","1","8/22/2008 6:54:43 AM","x"
"1153","20080630","2042","C150-1","Justice Blend, Full City Roast","1","10.95","1","8/22/2008 6:54:43 AM","x"
"1153","20080630","2043","C137-5","Bolivia, Dark Roast","1","49.95","5","8/22/2008 6:54:43 AM","x"
"1153","20080701","2044","C171-1","House Blend Decaf, Dark Roast","1","11.25","1","8/22/2008 6:54:43 AM","x"
"1153","20080701","2044","C165-1","Half Caff Blend, Full City Roast","1","10.95","1","8/22/2008 6:54:43 AM","x"
"1153","20080701","2044","C166-1","Half Caff Blend, Dark Roast","1","10.95","1","8/22/2008 6:54:43 AM","x"
"1154","20080701","2045","C136-1","Colombia, Dark Roast","12","10.95","1","8/22/2008 6:54:43 AM","x"
"1154","20080701","2046","C118-1","Ethiopia Yirgacheffe, Medium Roast","1","10.95","1","8/22/2008 6:54:43 AM","x"
"1154","20080701","2047","C165-1","Half Caff Blend, Full City Roast","2","10.95","1","8/22/2008 6:54:43 AM","x"
"1154","20080701","2047","C166-1","Half Caff Blend, Dark Roast","2","10.95","1","8/22/2008 6:54:43 AM","x"
"1154","20080701","2048","C152-2","Critical Mass Blend, Dark Roast","1","20.95","2","8/22/2008 6:54:43 AM","x"
"1154","20080702","2049","C166-1","Half Caff Blend, Dark Roast","2","10.95","1","8/22/2008 6:54:43 AM","x"
"1155","20080702","2050","C131-5","Nicaragua, Dark Roast","1","49.95","5","8/22/2008 6:54:43 AM","x"
"1155","20080702","2051","C136-2","Colombia, Dark Roast","1","20.95","2","8/22/2008 6:54:43 AM","x"
"1155","20080702","2052","C118-2","Ethiopia Yirgacheffe, Medium Roast","1","20.95","2","8/22/2008 6:54:43 AM","x"
"1155","20080703","2053","C137-1","Bolivia, Dark Roast","2","10.95","1","8/22/2008 6:54:43 AM","x"
"1155","20080703","2053","C136-1","Colombia, Dark Roast","2","10.95","1","8/22/2008 6:54:43 AM","x"
"1155","20080703","2053","C139-1","East Timor, Dark Roast","2","10.95","1","8/22/2008 6:54:43 AM","x"
"1155","20080703","2053","C131-1","Nicaragua, Dark Roast","2","10.45","1","8/22/2008 6:54:43 AM","x"
"1155","20080703","2053","C152-1","Critical Mass Blend, Dark Roast","2","10.95","1","8/22/2008 6:54:43 AM","x"
"1155","20080703","2053","C153-1","Mad Poet Blend, Dark Roast","1","10.95","1","8/22/2008 6:54:43 AM","x"
"1155","20080703","2054","C136-2","Colombia, Dark Roast","1","20.95","2","8/22/2008 6:54:43 AM","x"
"1157","20080703","2058","C171-1","House Blend Decaf, Dark Roast","1","11.25","1","8/22/2008 6:54:43 AM","x"
"1157","20080704","2059","C137-2","Bolivia, Dark Roast","1","20.95","2","8/22/2008 6:54:43 AM","x"
"1157","20080704","2059","C129-2","Peru, Full City Roast","1","19.95","2","8/22/2008 6:54:43 AM","x"
"1157","20080704","2059","C124-2","Mexico Chiapas, Full City Roast","1","19.95","2","8/22/2008 6:54:43 AM","x"
"1157","20080704","2060","C117-1","El Salvador, Medium Roast","1","10.45","1","8/22/2008 6:54:43 AM","x"
"1157","20080704","2061","C124-1","Mexico Chiapas, Full City Roast","1","10.45","1","8/22/2008 6:54:43 AM","x"
"1157","20080704","2061","C139-1","East Timor, Dark Roast","1","10.95","1","8/22/2008 6:54:43 AM","x"
"1157","20080704","2063","C165-2","Half Caff Blend, Full City Roast","2","20.95","2","8/22/2008 6:54:43 AM","x"
"1157","20080704","2063","C170-2","House Blend Decaf, Full City Roast","2","20.95","2","8/22/2008 6:54:43 AM","x"
"1157","20080704","2064","C136-1","Colombia, Dark Roast","1","10.95","1","8/22/2008 6:54:43 AM","x"
"1157","20080704","2065","C117-1","El Salvador, Medium Roast","1","10.45","1","8/22/2008 6:54:43 AM","x"
"1157","20080704","2065","C165-1","Half Caff Blend, Full City Roast","1","10.95","1","8/22/2008 6:54:43 AM","x"
"1157","20080705","2067","C117-1","El Salvador, Medium Roast","1","10.45","1","8/22/2008 6:54:43 AM","x"
"1157","20080705","2067","C127-1","Ethiopia Harrar, Full City Roast","1","10.95","1","8/22/2008 6:54:43 AM","x"
"1157","20080705","2068","C125-1","Ethiopia Sidamo, Full City Roast","1","10.95","1","8/22/2008 6:54:43 AM","x"
"1157","20080705","2068","C111-1","Nicaragua, Medium Roast","1","10.45","1","8/22/2008 6:54:43 AM","x"
"1157","20080705","2068","C116-1","Colombia, Medium Roast","1","10.45","1","8/22/2008 6:54:43 AM","x"
"1157","20080706","2069","C166-2","Half Caff Blend, Dark Roast","1","20.95","2","8/22/2008 6:54:43 AM","x"
"1157","20080706","2070","C109-2","Dominican Republic Medium Roast","1","19.95","2","8/22/2008 6:54:43 AM","x"
"1157","20080706","2071","C171-1","House Blend Decaf, Dark Roast","2","11.25","1","8/22/2008 6:54:43 AM","x"
"1157","20080706","2071","C170-1","House Blend Decaf, Full City Roast","3","11.25","1","8/22/2008 6:54:43 AM","x"
"1158","20080707","2072","C136-2","Colombia, Dark Roast","1","20.95","2","8/22/2008 6:54:43 AM","x"
"1158","20080707","2073","C152-5","Critical Mass Blend, Dark Roast","1","49.95","5","8/22/2008 6:54:43 AM","x"
"1158","20080707","2074","C127-2","Ethiopia Harrar, Full City Roast","1","20.95","2","8/22/2008 6:54:43 AM","x"
"1158","20080707","2074","C122-2","Guatemala, Full City Roast","2","19.95","2","8/22/2008 6:54:43 AM","x"
"1158","20080707","2074","C129-2","Peru, Full City Roast","2","19.95","2","8/22/2008 6:54:43 AM","x"
"1158","20080707","2074","C123-2","Sumatra, Full City Roast","1","20.95","2","8/22/2008 6:54:43 AM","x"
"1158","20080707","2074","C124-2","Mexico Chiapas, Full City Roast","2","19.95","2","8/22/2008 6:54:43 AM","x"
"1158","20080707","2074","C125-2","Ethiopia Sidamo, Full City Roast","1","20.95","2","8/22/2008 6:54:43 AM","x"
"1158","20080707","2074","C116-2","Colombia, Medium Roast","1","19.95","2","8/22/2008 6:54:43 AM","x"
"1158","20080707","2074","C111-2","Nicaragua, Medium Roast","1","19.95","1","8/22/2008 6:54:43 AM","x"
"1158","20080707","2075","C124-5","Mexico Chiapas, Full City Roast","1","47.45","5","8/22/2008 6:54:43 AM","x"
"1158","20080707","2076","C171-1","House Blend Decaf, Dark Roast","1","11.25","1","8/22/2008 6:54:43 AM","x"
"1158","20080707","2077","C153-1","Mad Poet Blend, Dark Roast","2","10.95","1","8/22/2008 6:54:43 AM","x"
"1158","20080707","2077","C152-1","Critical Mass Blend, Dark Roast","2","10.95","1","8/22/2008 6:54:43 AM","x"
"1158","20080707","2077","C131-1","Nicaragua, Dark Roast","2","10.45","1","8/22/2008 6:54:43 AM","x"
"1158","20080707","2077","C139-1","East Timor, Dark Roast","2","10.95","1","8/22/2008 6:54:43 AM","x"
"1158","20080707","2077","C137-1","Bolivia, Dark Roast","2","10.95","1","8/22/2008 6:54:43 AM","x"
"1158","20080707","2078","C154-1","Mondo Kawan Blend, Full City Roast","1","10.95","1","8/22/2008 6:54:43 AM","x"
"1158","20080707","2078","C150-1","Justice Blend, Full City Roast","1","10.95","1","8/22/2008 6:54:43 AM","x"
"1158","20080707","2079","C154-2","Mondo Kawan Blend, Full City Roast","1","20.95","2","8/22/2008 6:54:43 AM","x"
"1158","20080707","2079","C129-2","Peru, Full City Roast","1","19.95","2","8/22/2008 6:54:43 AM","x"
"1158","20080707","2080","C123-5","Sumatra, Full City Roast","1","49.95","5","8/22/2008 6:54:43 AM","x"
"1158","20080707","2081","C170-2","House Blend Decaf, Full City Roast","2","20.95","2","8/22/2008 6:54:43 AM","x"
"1158","20080707","2081","C118-2","Ethiopia Yirgacheffe, Medium Roast","1","20.95","2","8/22/2008 6:54:43 AM","x"
"1158","20080708","2082","C170-2","House Blend Decaf, Full City Roast","2","20.95","2","8/22/2008 6:54:43 AM","x"
"1158","20080708","2082","C165-1","Half Caff Blend, Full City Roast","2","10.95","1","8/22/2008 6:54:43 AM","x"
"1159","20080708","2083","C139-5","East Timor, Dark Roast","1","49.95","5","8/22/2008 6:54:43 AM","x"
"1159","20080708","2084","C165-2","Half Caff Blend, Full City Roast","1","20.95","2","8/22/2008 6:54:43 AM","x"
"1159","20080708","2084","C166-2","Half Caff Blend, Dark Roast","1","20.95","2","8/22/2008 6:54:43 AM","x"
"1159","20080708","2085","C137-1","Bolivia, Dark Roast","2","10.95","1","8/22/2008 6:54:43 AM","x"
"1159","20080708","2085","C171-1","House Blend Decaf, Dark Roast","2","11.25","1","8/22/2008 6:54:43 AM","x"
"1159","20080708","2085","C131-1","Nicaragua, Dark Roast","1","10.45","1","8/22/2008 6:54:43 AM","x"
"1159","20080708","2086","C160-1","Original Espresso Blend, Medium Roast","1","10.95","1","8/22/2008 6:54:43 AM","x"
"1159","20080708","2086","C162-1","Easygoing Espresso Blend, Full City Roast","1","10.95","1","8/22/2008 6:54:43 AM","x"
"1159","20080708","2087","C171-1","House Blend Decaf, Dark Roast","1","11.25","1","8/22/2008 6:54:43 AM","x"
"1159","20080708","2087","C170-1","House Blend Decaf, Full City Roast","1","11.25","1","8/22/2008 6:54:43 AM","x"
"1159","20080708","2088","C151-1","Benevolent Blend, Medium Roast","1","10.95","1","8/22/2008 6:54:43 AM","x"
"1159","20080708","2088","C155-1","BRAG Brew, Full City Roast","1","10.95","1","8/22/2008 6:54:43 AM","x"
"1159","20080708","2088","C156-1","Georgia Organics Special Blend, Medium Roast","1","10.95","1","8/22/2008 6:54:43 AM","x"
"1159","20080708","2088","C151-1","Benevolent Blend, Medium Roast","1","10.95","1","8/22/2008 6:54:43 AM","x"
"1159","20080708","2089","C124-2","Mexico Chiapas, Full City Roast","1","19.95","2","8/22/2008 6:54:43 AM","x"
"1159","20080708","2089","C139-2","East Timor, Dark Roast","1","20.95","2","8/22/2008 6:54:43 AM","x"
"1159","20080708","2089","C160-1","Original Espresso Blend, Medium Roast","1","10.95","1","8/22/2008 6:54:43 AM","x"
"1159","20080708","2089","C125-2","Ethiopia Sidamo, Full City Roast","1","20.95","2","8/22/2008 6:54:43 AM","x"
"1159","20080708","2090","C154-1","Mondo Kawan Blend, Full City Roast","1","10.95","1","8/22/2008 6:54:43 AM","x"
"1159","20080708","2091","C166-1","Half Caff Blend, Dark Roast","4","10.95","1","8/22/2008 6:54:43 AM","x"
"1159","20080708","2091","C156-1","Georgia Organics Special Blend, Medium Roast","1","10.95","1","8/22/2008 6:54:43 AM","x"
"1159","20080708","2092","C150-1","Justice Blend, Full City Roast","1","10.95","1","8/22/2008 6:54:43 AM","x"
"1159","20080708","2092","C159-1","Maty's Blend, Full City Roast","1","10.95","1","8/22/2008 6:54:43 AM","x"
"1159","20080709","2093","C118-1","Ethiopia Yirgacheffe, Medium Roast","1","10.95","1","8/22/2008 6:54:43 AM","x"
"1159","20080709","2093","C162-1","Easygoing Espresso Blend, Full City Roast","1","10.95","1","8/22/2008 6:54:43 AM","x"
"1159","20080709","2094","C152-1","Critical Mass Blend, Dark Roast","4","10.95","1","8/22/2008 6:54:43 AM","x"
"1159","20080709","2095","C136-2","Colombia, Dark Roast","1","20.95","2","8/22/2008 6:54:43 AM","x"
"1159","20080709","2095","C171-2","House Blend Decaf, Dark Roast","1","20.95","2","8/22/2008 6:54:43 AM","x"
"1160","20080709","2096","C131-2","Nicaragua, Dark Roast","1","19.95","2","8/22/2008 6:54:43 AM","x"
"1160","20080709","2096","C155-1","BRAG Brew, Full City Roast","1","10.95","1","8/22/2008 6:54:43 AM","x"
"1160","20080709","2097","C118-2","Ethiopia Yirgacheffe, Medium Roast","1","20.95","2","8/22/2008 6:54:43 AM","x"
"1160","20080709","2097","C139-2","East Timor, Dark Roast","1","20.95","2","8/22/2008 6:54:43 AM","x"
"1160","20080709","2098","C129-2","Peru, Full City Roast","1","19.95","2","8/22/2008 6:54:43 AM","x"
"1160","20080709","2099","C123-1","Sumatra, Full City Roast","1","10.95","1","8/22/2008 6:54:43 AM","x"
"1160","20080709","2099","C122-1","Guatemala, Full City Roast","1","10.45","1","8/22/2008 6:54:43 AM","x"
"1160","20080709","2099","C127-1","Ethiopia Harrar, Full City Roast","1","10.95","1","8/22/2008 6:54:43 AM","x"
"1160","20080709","2099","C118-1","Ethiopia Yirgacheffe, Medium Roast","1","10.95","1","8/22/2008 6:54:43 AM","x"
"1160","20080709","2099","C151-1","Benevolent Blend, Medium Roast","1","10.95","1","8/22/2008 6:54:43 AM","x"
"1160","20080709","2100","C123-1","Sumatra, Full City Roast","1","10.95","1","8/22/2008 6:54:43 AM","x"
"1160","20080709","2100","C124-1","Mexico Chiapas, Full City Roast","1","10.45","1","8/22/2008 6:54:43 AM","x"
"1160","20080709","2100","C137-1","Bolivia, Dark Roast","1","10.95","1","8/22/2008 6:54:43 AM","x"
"1160","20080710","2101","C165-2","Half Caff Blend, Full City Roast","1","20.95","2","8/22/2008 6:54:43 AM","x"
"1160","20080710","2102","C122-1","Guatemala, Full City Roast","2","10.45","1","8/22/2008 6:54:43 AM","x"
"1160","20080710","2102","C123-1","Sumatra, Full City Roast","2","10.95","1","8/22/2008 6:54:43 AM","x"
"1161","20080710","2103","C152-5","Critical Mass Blend, Dark Roast","1","49.95","5","8/22/2008 6:54:43 AM","x"
"1161","20080710","2104","C122-2","Guatemala, Full City Roast","1","19.95","2","8/22/2008 6:54:43 AM","x"
"1161","20080710","2104","C124-2","Mexico Chiapas, Full City Roast","1","19.95","2","8/22/2008 6:54:43 AM","x"
"1161","20080710","2105","C156-2","Georgia Organics Special Blend, Medium Roast","1","20.95","2","8/22/2008 6:54:43 AM","x"
"1161","20080710","2105","C122-2","Guatemala, Full City Roast","1","19.95","2","8/22/2008 6:54:43 AM","x"
"1161","20080710","2106","C122-1","Guatemala, Full City Roast","2","10.45","1","8/22/2008 6:54:43 AM","x"
"1161","20080710","2106","C122-1","Guatemala, Full City Roast","1","10.45","1","8/22/2008 6:54:43 AM","x"
"1161","20080710","2107","C165-2","Half Caff Blend, Full City Roast","1","20.95","2","8/22/2008 6:54:43 AM","x"
"1161","20080710","2107","C122-1","Guatemala, Full City Roast","1","10.45","1","8/22/2008 6:54:43 AM","x"
"1161","20080710","2108","C116-2","Colombia, Medium Roast","1","19.95","2","8/22/2008 6:54:43 AM","x"
"1161","20080710","2108","C122-1","Guatemala, Full City Roast","1","10.45","1","8/22/2008 6:54:43 AM","x"
"1161","20080710","2109","C122-2","Guatemala, Full City Roast","1","19.95","2","8/22/2008 6:54:43 AM","x"
"1161","20080710","2109","C124-1","Mexico Chiapas, Full City Roast","1","10.45","1","8/22/2008 6:54:43 AM","x"
"1161","20080710","2110","C131-5","Nicaragua, Dark Roast","1","49.95","5","8/22/2008 6:54:43 AM","x"
"1161","20080710","2111","C122-2","Guatemala, Full City Roast","1","19.95","2","8/22/2008 6:54:43 AM","x"
"1161","20080710","2112","C122-2","Guatemala, Full City Roast","1","19.95","2","8/22/2008 6:54:43 AM","x"
"1161","20080710","2113","C122-1","Guatemala, Full City Roast","3","10.45","1","8/22/2008 6:54:43 AM","x"
"1161","20080710","2114","C122-5","Guatemala, Full City Roast","1","47.45","5","8/22/2008 6:54:43 AM","x"
"1161","20080711","2115","C122-5","Guatemala, Full City Roast","1","47.45","5","8/22/2008 6:54:43 AM","x"
"1162","20080711","2116","C118-1","Ethiopia Yirgacheffe, Medium Roast","1","10.95","1","8/22/2008 6:54:43 AM","x"
"1162","20080711","2116","C123-1","Sumatra, Full City Roast","1","10.95","1","8/22/2008 6:54:43 AM","x"
"1162","20080711","2117","C122-2","Guatemala, Full City Roast","1","19.95","2","8/22/2008 6:54:43 AM","x"
"1162","20080711","2118","C122-2","Guatemala, Full City Roast","1","19.95","2","8/22/2008 6:54:43 AM","x"
"1162","20080711","2118","C137-2","Bolivia, Dark Roast","1","20.95","2","8/22/2008 6:54:43 AM","x"
"1162","20080712","2121","C160-1","Original Espresso Blend, Medium Roast","2","10.95","1","8/22/2008 6:54:43 AM","x"
"1162","20080712","2122","C160-2","Original Espresso Blend, Medium Roast","1","20.95","2","8/22/2008 6:54:43 AM","x"
"1162","20080712","2123","C122-2","Guatemala, Full City Roast","1","19.95","2","8/22/2008 6:54:43 AM","x"
"1162","20080712","2125","C159-1","Maty's Blend, Full City Roast","1","10.95","1","8/22/2008 6:54:43 AM","x"
"1162","20080713","2126","C118-2","Ethiopia Yirgacheffe, Medium Roast","1","20.95","2","8/22/2008 6:54:43 AM","x"
"1162","20080713","2126","C155-2","BRAG Brew, Full City Roast","1","20.95","2","8/22/2008 6:54:43 AM","x"
"1162","20080713","2126","C111-2","Nicaragua, Medium Roast","1","19.95","1","8/22/2008 6:54:43 AM","x"
"1162","20080713","2126","C136-2","Colombia, Dark Roast","1","20.95","2","8/22/2008 6:54:43 AM","x"
"1162","20080713","2127","C116-1","Colombia, Medium Roast","3","10.45","1","8/22/2008 6:54:43 AM","x"
"1162","20080713","2127","C111-1","Nicaragua, Medium Roast","2","10.45","1","8/22/2008 6:54:43 AM","x"
"1162","20080713","2127","C124-1","Mexico Chiapas, Full City Roast","3","10.45","1","8/22/2008 6:54:43 AM","x"
"1162","20080713","2127","C151-1","Benevolent Blend, Medium Roast","3","10.95","1","8/22/2008 6:54:43 AM","x"
"1162","20080713","2127","C156-1","Georgia Organics Special Blend, Medium Roast","1","10.95","1","8/22/2008 6:54:43 AM","x"
"1162","20080713","2128","C124-2","Mexico Chiapas, Full City Roast","1","19.95","2","8/22/2008 6:54:43 AM","x"
"1162","20080713","2128","C170-1","House Blend Decaf, Full City Roast","1","11.25","1","8/22/2008 6:54:43 AM","x"
"1162","20080713","2129","C122-5","Guatemala, Full City Roast","1","47.45","5","8/22/2008 6:54:43 AM","x"
"1162","20080713","2130","C166-2","Half Caff Blend, Dark Roast","1","20.95","2","8/22/2008 6:54:43 AM","x"
"1162","20080713","2131","C122-2","Guatemala, Full City Roast","1","19.95","2","8/22/2008 6:54:43 AM","x"
"1162","20080713","2131","C165-1","Half Caff Blend, Full City Roast","1","10.95","1","8/22/2008 6:54:43 AM","x"
"1162","20080713","2131","C116-2","Colombia, Medium Roast","1","19.95","2","8/22/2008 6:54:43 AM","x"
"1163","20080714","2132","C122-2","Guatemala, Full City Roast","1","19.95","2","8/22/2008 6:54:43 AM","x"
"1163","20080714","2132","C165-1","Half Caff Blend, Full City Roast","1","10.95","1","8/22/2008 6:54:43 AM","x"
"1163","20080714","2133","C136-2","Colombia, Dark Roast","2","20.95","2","8/22/2008 6:54:43 AM","x"
"1163","20080714","2134","C123-1","Sumatra, Full City Roast","1","10.95","1","8/22/2008 6:54:43 AM","x"
"1163","20080714","2134","C139-1","East Timor, Dark Roast","1","10.95","1","8/22/2008 6:54:43 AM","x"
"1163","20080714","2134","C117-1","El Salvador, Medium Roast","1","10.45","1","8/22/2008 6:54:43 AM","x"
"1163","20080705","2066","C137-1","Bolivia, Dark Roast","1","10.95","1","8/22/2008 6:54:43 AM","x"
"1163","20080705","2066","C162-1","Easygoing Espresso Blend, Full City Roast","1","10.95","1","8/22/2008 6:54:43 AM","x"
"1163","20080705","2066","C136-1","Colombia, Dark Roast","1","10.95","1","8/22/2008 6:54:43 AM","x"
"1164","20080715","2135","C109-1","Dominican Republic Medium Roast","1","10.45","1","8/22/2008 6:54:43 AM","x"
"1164","20080715","2135","C118-1","Ethiopia Yirgacheffe, Medium Roast","1","10.95","1","8/22/2008 6:54:43 AM","x"
"1164","20080715","2135","C123-1","Sumatra, Full City Roast","1","10.95","1","8/22/2008 6:54:43 AM","x"
"1164","20080715","2136","C118-1","Ethiopia Yirgacheffe, Medium Roast","1","10.95","1","8/22/2008 6:54:43 AM","x"
"1164","20080715","2136","C151-1","Benevolent Blend, Medium Roast","1","10.95","1","8/22/2008 6:54:43 AM","x"
"1164","20080715","2137","C122-1","Guatemala, Full City Roast","4","10.45","1","8/22/2008 6:54:43 AM","x"
"1164","20080715","2138","C157-2","Georgia River Network Blend, Full City Roast","1","20.95","2","8/22/2008 6:54:43 AM","x"
"1164","20080715","2139","C111-5","Nicaragua, Medium Roast","1","47.45","5","8/22/2008 6:54:43 AM","x"
"1164","20080715","2140","C122-1","Guatemala, Full City Roast","2","10.45","1","8/22/2008 6:54:43 AM","x"
"1164","20080715","2140","C123-1","Sumatra, Full City Roast","1","10.95","1","8/22/2008 6:54:43 AM","x"
"1164","20080715","2141","C127-2","Ethiopia Harrar, Full City Roast","1","20.95","2","8/22/2008 6:54:43 AM","x"
"1164","20080715","2141","C137-1","Bolivia, Dark Roast","1","10.95","1","8/22/2008 6:54:43 AM","x"
"1164","20080715","2141","C124-1","Mexico Chiapas, Full City Roast","1","10.45","1","8/22/2008 6:54:43 AM","x"
"1164","20080715","2141","C117-1","El Salvador, Medium Roast","1","10.45","1","8/22/2008 6:54:43 AM","x"
"1164","20080715","2141","C122-1","Guatemala, Full City Roast","1","10.45","1","8/22/2008 6:54:43 AM","x"
"1164","20080715","2141","C127-1","Ethiopia Harrar, Full City Roast","2","10.95","1","8/22/2008 6:54:43 AM","x"
"1164","20080715","2142","C118-1","Ethiopia Yirgacheffe, Medium Roast","5","10.95","1","8/22/2008 6:54:43 AM","x"
"1164","20080715","2143","C155-5","BRAG Brew, Full City Roast","1","49.95","5","8/22/2008 6:54:43 AM","x"
"1164","20080715","2144","C122-2","Guatemala, Full City Roast","1","19.95","2","8/22/2008 6:54:43 AM","x"
"1164","20080715","2145","C116-5","Colombia, Medium Roast","1","47.45","5","8/22/2008 6:54:43 AM","x"
"1164","20080715","2146","C127-2","Ethiopia Harrar, Full City Roast","1","20.95","2","8/22/2008 6:54:43 AM","x"
"1165","20080716","2147","C127-5","Ethiopia Harrar, Full City Roast","1","49.95","5","8/22/2008 6:54:43 AM","x"
"1165","20080716","2148","C156-2","Georgia Organics Special Blend, Medium Roast","1","20.95","2","8/22/2008 6:54:43 AM","x"
"1165","20080716","2149","C118-1","Ethiopia Yirgacheffe, Medium Roast","1","10.95","1","8/22/2008 6:54:43 AM","x"
"1165","20080716","2149","C165-2","Half Caff Blend, Full City Roast","1","20.95","2","8/22/2008 6:54:43 AM","x"
"1165","20080716","2149","C166-1","Half Caff Blend, Dark Roast","1","10.95","1","8/22/2008 6:54:43 AM","x"
"1165","20080716","2149","C170-1","House Blend Decaf, Full City Roast","1","11.25","1","8/22/2008 6:54:43 AM","x"
"1166","20080717","2150","C129-1","Peru, Full City Roast","3","10.45","1","8/22/2008 6:54:43 AM","x"
"1166","20080717","2150","C170-1","House Blend Decaf, Full City Roast","7","11.25","1","8/22/2008 6:54:43 AM","x"
"1166","20080717","2151","C116-1","Colombia, Medium Roast","1","10.45","1","8/22/2008 6:54:43 AM","x"
"1166","20080717","2152","C116-1","Colombia, Medium Roast","1","10.45","1","8/22/2008 6:54:43 AM","x"
"1166","20080717","2153","C152-1","Critical Mass Blend, Dark Roast","1","10.95","1","8/22/2008 6:54:43 AM","x"
"1166","20080717","2153","C157-1","Georgia River Network Blend, Full City Roast","1","10.95","1","8/22/2008 6:54:43 AM","x"
"1166","20080717","2153","C117-1","El Salvador, Medium Roast","1","10.45","1","8/22/2008 6:54:43 AM","x"
"1166","20080718","2154","C124-2","Mexico Chiapas, Full City Roast","2","19.95","2","8/22/2008 6:54:43 AM","x"
"1166","20080718","2155","C118-1","Ethiopia Yirgacheffe, Medium Roast","2","10.95","1","8/22/2008 6:54:43 AM","x"
"1166","20080718","2155","C136-1","Colombia, Dark Roast","2","10.95","1","8/22/2008 6:54:43 AM","x"
"1166","20080718","2155","C139-1","East Timor, Dark Roast","2","10.95","1","8/22/2008 6:54:43 AM","x"
"1167","20080718","2156","C123-2","Sumatra, Full City Roast","1","20.95","2","8/22/2008 6:54:43 AM","x"
"1167","20080718","2156","C170-2","House Blend Decaf, Full City Roast","1","20.95","2","8/22/2008 6:54:43 AM","x"
"1167","20080718","2157","C122-1","Guatemala, Full City Roast","1","10.45","1","8/22/2008 6:54:43 AM","x"
"1167","20080718","2157","C153-1","Mad Poet Blend, Dark Roast","1","10.95","1","8/22/2008 6:54:43 AM","x"
"1167","20080718","2157","C123-1","Sumatra, Full City Roast","1","10.95","1","8/22/2008 6:54:43 AM","x"
"1167","20080719","2158","C136-1","Colombia, Dark Roast","1","10.95","1","8/22/2008 6:54:43 AM","x"
"1167","20080719","2158","C122-1","Guatemala, Full City Roast","1","10.45","1","8/22/2008 6:54:43 AM","x"
"1167","20080719","2159","C157-2","Georgia River Network Blend, Full City Roast","1","20.95","2","8/22/2008 6:54:43 AM","x"
"1167","20080720","2160","C118-1","Ethiopia Yirgacheffe, Medium Roast","1","10.95","1","8/22/2008 6:54:43 AM","x"
"1167","20080720","2160","C125-1","Ethiopia Sidamo, Full City Roast","1","10.95","1","8/22/2008 6:54:43 AM","x"
"1167","20080720","2160","C123-1","Sumatra, Full City Roast","1","10.95","1","8/22/2008 6:54:43 AM","x"
"1167","20080720","2160","C127-1","Ethiopia Harrar, Full City Roast","1","10.95","1","8/22/2008 6:54:43 AM","x"
"1167","20080720","2160","C170-1","House Blend Decaf, Full City Roast","5","11.25","1","8/22/2008 6:54:43 AM","x"
"1167","20080720","2161","C111-1","Nicaragua, Medium Roast","1","10.45","1","8/22/2008 6:54:43 AM","x"
"1167","20080720","2162","C153-1","Mad Poet Blend, Dark Roast","1","10.95","1","8/22/2008 6:54:43 AM","x"
"1167","20080720","2162","C152-1","Critical Mass Blend, Dark Roast","1","10.95","1","8/22/2008 6:54:43 AM","x"
"1167","20080720","2162","C139-1","East Timor, Dark Roast","1","10.95","1","8/22/2008 6:54:43 AM","x"
"1167","20080720","2163","C118-2","Ethiopia Yirgacheffe, Medium Roast","1","20.95","2","8/22/2008 6:54:43 AM","x"
"1167","20080720","2163","C157-1","Georgia River Network Blend, Full City Roast","1","10.95","1","8/22/2008 6:54:43 AM","x"
"1167","20080720","2163","C170-2","House Blend Decaf, Full City Roast","2","20.95","2","8/22/2008 6:54:43 AM","x"
"1167","20080720","2163","C171-1","House Blend Decaf, Dark Roast","1","11.25","1","8/22/2008 6:54:43 AM","x"
"1167","20080720","2163","C122-2","Guatemala, Full City Roast","1","19.95","2","8/22/2008 6:54:43 AM","x"
"1167","20080720","2164","C162-2","Easygoing Espresso Blend, Full City Roast","1","20.95","1","8/22/2008 6:54:43 AM","x"
"1167","20080720","2165","C117-1","El Salvador, Medium Roast","1","10.45","1","8/22/2008 6:54:43 AM","x"
"1167","20080720","2165","C118-1","Ethiopia Yirgacheffe, Medium Roast","1","10.95","1","8/22/2008 6:54:43 AM","x"
"1167","20080720","2165","C122-1","Guatemala, Full City Roast","1","10.45","1","8/22/2008 6:54:43 AM","x"
"1167","20080720","2166","C153-1","Mad Poet Blend, Dark Roast","1","10.95","1","8/22/2008 6:54:43 AM","x"
"1167","20080720","2166","C139-1","East Timor, Dark Roast","1","10.95","1","8/22/2008 6:54:43 AM","x"
"1167","20080720","2167","C171-1","House Blend Decaf, Dark Roast","1","11.25","1","8/22/2008 6:54:43 AM","x"
"1167","20080720","2167","C137-1","Bolivia, Dark Roast","1","10.95","1","8/22/2008 6:54:43 AM","x"
"1167","20080720","2168","C165-1","Half Caff Blend, Full City Roast","1","10.95","1","8/22/2008 6:54:43 AM","x"
"1167","20080720","2169","C171-2","House Blend Decaf, Dark Roast","2","20.95","2","8/22/2008 6:54:43 AM","x"
"1168","20080721","2170","C118-2","Ethiopia Yirgacheffe, Medium Roast","1","20.95","2","8/22/2008 6:54:43 AM","x"
"1168","20080721","2170","C123-2","Sumatra, Full City Roast","1","20.95","2","8/22/2008 6:54:43 AM","x"
"1168","20080721","2171","C116-1","Colombia, Medium Roast","1","10.45","1","8/22/2008 6:54:43 AM","x"
"1168","20080721","2171","C116-2","Colombia, Medium Roast","1","19.95","2","8/22/2008 6:54:43 AM","x"
"1168","20080721","2172","C116-1","Colombia, Medium Roast","6","10.45","1","8/22/2008 6:54:43 AM","x"
"1168","20080721","2173","C122-1","Guatemala, Full City Roast","1","10.45","1","8/22/2008 6:54:43 AM","x"
"1168","20080721","2174","C122-2","Guatemala, Full City Roast","1","19.95","2","8/22/2008 6:54:43 AM","x"
"1168","20080721","2175","C129-5","Peru, Full City Roast","1","47.45","5","8/22/2008 6:54:43 AM","x"
"1168","20080721","2176","C170-2","House Blend Decaf, Full City Roast","5","20.95","2","8/22/2008 6:54:43 AM","x"
"1168","20080722","2178","C136-2","Colombia, Dark Roast","1","20.95","2","8/22/2008 6:54:43 AM","x"
"1168","20080722","2179","C123-2","Sumatra, Full City Roast","2","20.95","2","8/22/2008 6:54:43 AM","x"
"1168","20080722","2179","C122-2","Guatemala, Full City Roast","2","19.95","2","8/22/2008 6:54:43 AM","x"
"1169","20080722","2180","C117-1","El Salvador, Medium Roast","1","10.45","1","8/22/2008 6:54:43 AM","x"
"1169","20080722","2180","C109-1","Dominican Republic Medium Roast","1","10.45","1","8/22/2008 6:54:43 AM","x"
"1169","20080722","2180","C159-1","Maty's Blend, Full City Roast","1","10.95","1","8/22/2008 6:54:43 AM","x"
"1169","20080722","2180","C122-1","Guatemala, Full City Roast","1","10.45","1","8/22/2008 6:54:43 AM","x"
"1169","20080722","2181","C179-5","Type A Espresso Blend, Dark Roast","1","46.95","5","8/22/2008 6:54:43 AM","x"
"1169","20080722","2181","C179-1","Type A Espresso Blend, Dark Roast","1","10.35","1","8/22/2008 6:54:43 AM","x"
"1169","20080722","2181","C153-1","Mad Poet Blend, Dark Roast","1","10.95","1","8/22/2008 6:54:43 AM","x"
"1169","20080722","2181","C179-1","Type A Espresso Blend, Dark Roast","2","10.35","1","8/22/2008 6:54:43 AM","x"
"1169","20080722","2182","C118-5","Ethiopia Yirgacheffe, Medium Roast","1","49.95","5","8/22/2008 6:54:43 AM","x"
"1169","20080722","2183","C156-1","Georgia Organics Special Blend, Medium Roast","1","10.95","1","8/22/2008 6:54:43 AM","x"
"1169","20080722","2183","C170-1","House Blend Decaf, Full City Roast","1","11.25","1","8/22/2008 6:54:43 AM","x"
"1169","20080722","2184","C122-2","Guatemala, Full City Roast","1","19.95","2","8/22/2008 6:54:43 AM","x"
"1169","20080722","2185","C166-5","Half Caff Blend, Dark Roast","1","49.95","5","8/22/2008 6:54:43 AM","x"
"1169","20080722","2185","C171-5","House Blend Decaf, Dark Roast","1","52.95","5","8/22/2008 6:54:43 AM","x"
"1169","20080722","2186","C150-1","Justice Blend, Full City Roast","3","10.95","1","8/22/2008 6:54:43 AM","x"
"1169","20080722","2187","C153-2","Mad Poet Blend, Dark Roast","1","20.95","2","8/22/2008 6:54:43 AM","x"
"1169","20080722","2187","C171-2","House Blend Decaf, Dark Roast","1","20.95","2","8/22/2008 6:54:43 AM","x"
"1169","20080723","2188","C136-2","Colombia, Dark Roast","1","20.95","2","8/22/2008 6:54:43 AM","x"
"1169","20080723","2189","C121-5","Ethiopia Yirgacheffe Full City Roast","1","44.95","5","8/22/2008 6:54:43 AM","x"
"1170","20080723","2190","C122-5","Guatemala, Full City Roast","1","47.45","5","8/22/2008 6:54:43 AM","x"
"1170","20080723","2191","C127-2","Ethiopia Harrar, Full City Roast","1","20.95","2","8/22/2008 6:54:43 AM","x"
"1170","20080723","2192","C139-1","East Timor, Dark Roast","1","10.95","1","8/22/2008 6:54:43 AM","x"
"1170","20080723","2192","C118-1","Ethiopia Yirgacheffe, Medium Roast","1","10.95","1","8/22/2008 6:54:43 AM","x"
"1170","20080723","2193","C122-5","Guatemala, Full City Roast","1","47.45","5","8/22/2008 6:54:43 AM","x"
"1170","20080723","2193","C170-5","House Blend Decaf, Full City Roast","1","52.95","5","8/22/2008 6:54:43 AM","x"
"1170","20080723","2194","C136-1","Colombia, Dark Roast","2","10.95","1","8/22/2008 6:54:43 AM","x"
"1170","20080723","2195","C153-1","Mad Poet Blend, Dark Roast","1","10.95","1","8/22/2008 6:54:43 AM","x"
"1170","20080723","2195","C165-1","Half Caff Blend, Full City Roast","1","10.95","1","8/22/2008 6:54:43 AM","x"
"1170","20080723","2195","C116-1","Colombia, Medium Roast","1","10.45","1","8/22/2008 6:54:43 AM","x"
"1170","20080723","2196","C155-1","BRAG Brew, Full City Roast","1","10.95","1","8/22/2008 6:54:43 AM","x"
"1170","20080723","2197","C155-1","BRAG Brew, Full City Roast","1","10.95","1","8/22/2008 6:54:43 AM","x"
"1170","20080723","2198","C129-2","Peru, Full City Roast","1","19.95","2","8/22/2008 6:54:43 AM","x"
"1170","20080723","2199","C123-2","Sumatra, Full City Roast","1","20.95","2","8/22/2008 6:54:43 AM","x"
"1170","20080723","2199","C129-2","Peru, Full City Roast","1","19.95","2","8/22/2008 6:54:43 AM","x"
"1170","20080723","2200","C154-1","Mondo Kawan Blend, Full City Roast","1","10.95","1","8/22/2008 6:54:43 AM","x"
"1170","20080723","2200","C136-1","Colombia, Dark Roast","1","10.95","1","8/22/2008 6:54:43 AM","x"
"1170","20080723","2202","C153-2","Mad Poet Blend, Dark Roast","1","20.95","2","8/22/2008 6:54:43 AM","x"
"1170","20080723","2202","C160-2","Original Espresso Blend, Medium Roast","1","20.95","2","8/22/2008 6:54:43 AM","x"
"1170","20080723","2203","C118-1","Ethiopia Yirgacheffe, Medium Roast","1","10.95","1","8/22/2008 6:54:43 AM","x"
"1170","20080723","2203","C137-1","Bolivia, Dark Roast","1","10.95","1","8/22/2008 6:54:43 AM","x"
"1170","20080723","2204","C137-1","Bolivia, Dark Roast","1","10.95","1","8/22/2008 6:54:43 AM","x"
"1170","20080723","2204","C153-1","Mad Poet Blend, Dark Roast","1","10.95","1","8/22/2008 6:54:43 AM","x"
"1170","20080724","2205","C136-1","Colombia, Dark Roast","1","10.95","1","8/22/2008 6:54:43 AM","x"
"1170","20080724","2205","C125-1","Ethiopia Sidamo, Full City Roast","1","10.95","1","8/22/2008 6:54:43 AM","x"
"1171","20080724","2206","C131-1","Nicaragua, Dark Roast","1","10.45","1","8/22/2008 6:54:43 AM","x"
"1171","20080724","2206","C129-1","Peru, Full City Roast","1","10.45","1","8/22/2008 6:54:43 AM","x"
"1171","20080724","2207","C122-1","Guatemala, Full City Roast","4","10.45","1","8/22/2008 6:54:43 AM","x"
"1171","20080724","2208","C117-5","El Salvador, Medium Roast","2","47.45","5","8/22/2008 6:54:43 AM","x"
"1171","20080724","2209","C152-5","Critical Mass Blend, Dark Roast","1","49.95","5","8/22/2008 6:54:43 AM","x"
"1171","20080724","2210","C122-5","Guatemala, Full City Roast","1","47.45","5","8/22/2008 6:54:43 AM","x"
"1171","20080724","2210","C171-2","House Blend Decaf, Dark Roast","1","20.95","2","8/22/2008 6:54:43 AM","x"
"1172","20080725","2211","C150-2","Justice Blend, Full City Roast","1","20.95","2","8/22/2008 6:54:43 AM","x"
"1172","20080725","2212","C155-5","BRAG Brew, Full City Roast","1","49.95","5","8/22/2008 6:54:43 AM","x"
"1172","20080725","2213","C155-1","BRAG Brew, Full City Roast","1","10.95","1","8/22/2008 6:54:43 AM","x"
"1172","20080725","2213","C155-1","BRAG Brew, Full City Roast","1","10.95","1","8/22/2008 6:54:43 AM","x"
"1172","20080726","2214","C155-1","BRAG Brew, Full City Roast","1","10.95","1","8/22/2008 6:54:43 AM","x"
"1172","20080726","2214","C153-1","Mad Poet Blend, Dark Roast","1","10.95","1","8/22/2008 6:54:43 AM","x"
"1172","20080726","2215","C152-1","Critical Mass Blend, Dark Roast","1","10.95","1","8/22/2008 6:54:43 AM","x"
"1172","20080726","2215","C111-1","Nicaragua, Medium Roast","1","10.45","1","8/22/2008 6:54:43 AM","x"
"1172","20080726","2215","C118-2","Ethiopia Yirgacheffe, Medium Roast","2","20.95","2","8/22/2008 6:54:43 AM","x"
"1172","20080726","2216","C170-2","House Blend Decaf, Full City Roast","1","20.95","2","8/22/2008 6:54:43 AM","x"
"1172","20080726","2217","C151-2","Benevolent Blend, Medium Roast","1","20.95","2","8/22/2008 6:54:43 AM","x"
"1172","20080726","2217","C118-2","Ethiopia Yirgacheffe, Medium Roast","1","20.95","2","8/22/2008 6:54:43 AM","x"
"1172","20080726","2217","C109-2","Dominican Republic Medium Roast","1","19.95","2","8/22/2008 6:54:43 AM","x"
"1172","20080726","2218","C139-1","East Timor, Dark Roast","1","10.95","1","8/22/2008 6:54:43 AM","x"
"1172","20080726","2218","C137-2","Bolivia, Dark Roast","1","20.95","2","8/22/2008 6:54:43 AM","x"
"1172","20080726","2218","C131-2","Nicaragua, Dark Roast","1","19.95","2","8/22/2008 6:54:43 AM","x"
"1172","20080726","2219","C123-2","Sumatra, Full City Roast","1","20.95","2","8/22/2008 6:54:43 AM","x"
"1172","20080726","2219","C153-1","Mad Poet Blend, Dark Roast","2","10.95","1","8/22/2008 6:54:43 AM","x"
"1172","20080727","2220","C166-2","Half Caff Blend, Dark Roast","1","20.95","2","8/22/2008 6:54:43 AM","x"
"1172","20080727","2221","C139-1","East Timor, Dark Roast","1","10.95","1","8/22/2008 6:54:43 AM","x"
"1172","20080727","2221","C136-2","Colombia, Dark Roast","1","20.95","2","8/22/2008 6:54:43 AM","x"
"1172","20080727","2222","C152-1","Critical Mass Blend, Dark Roast","2","10.95","1","8/22/2008 6:54:43 AM","x"
"1172","20080727","2223","C136-1","Colombia, Dark Roast","1","10.95","1","8/22/2008 6:54:43 AM","x"
"1172","20080727","2223","C171-1","House Blend Decaf, Dark Roast","1","11.25","1","8/22/2008 6:54:43 AM","x"
"1172","20080727","2223","C131-1","Nicaragua, Dark Roast","1","10.45","1","8/22/2008 6:54:43 AM","x"
"1172","20080727","2224","C136-1","Colombia, Dark Roast","1","10.95","1","8/22/2008 6:54:43 AM","x"
"1172","20080727","2224","C122-1","Guatemala, Full City Roast","1","10.45","1","8/22/2008 6:54:43 AM","x"
"1172","20080728","2225","C122-1","Guatemala, Full City Roast","2","10.45","1","8/22/2008 6:54:43 AM","x"
"1172","20080728","2225","C137-1","Bolivia, Dark Roast","1","10.95","1","8/22/2008 6:54:43 AM","x"
"1172","20080728","2226","C127-1","Ethiopia Harrar, Full City Roast","1","10.95","1","8/22/2008 6:54:43 AM","x"
"1172","20080728","2226","C109-2","Dominican Republic Medium Roast","1","19.95","2","8/22/2008 6:54:43 AM","x"
"1172","20080728","2226","C153-1","Mad Poet Blend, Dark Roast","1","10.95","1","8/22/2008 6:54:43 AM","x"
"1173","20080728","2227","C151-2","Benevolent Blend, Medium Roast","1","20.95","2","8/22/2008 6:54:43 AM","x"
"1173","20080728","2227","C170-1","House Blend Decaf, Full City Roast","1","11.25","1","8/22/2008 6:54:43 AM","x"
"1173","20080728","2227","C122-1","Guatemala, Full City Roast","1","10.45","1","8/22/2008 6:54:43 AM","x"
"1173","20080728","2228","C155-2","BRAG Brew, Full City Roast","1","20.95","2","8/22/2008 6:54:43 AM","x"
"1173","20080728","2230","C139-5","East Timor, Dark Roast","1","49.95","5","8/22/2008 6:54:43 AM","x"
"1173","20080728","2230","C171-1","House Blend Decaf, Dark Roast","1","11.25","1","8/22/2008 6:54:43 AM","x"
"1173","20080728","2231","C170-2","House Blend Decaf, Full City Roast","1","20.95","2","8/22/2008 6:54:43 AM","x"
"1173","20080728","2232","C152-1","Critical Mass Blend, Dark Roast","4","10.95","1","8/22/2008 6:54:43 AM","x"
"1173","20080729","2233","C122-1","Guatemala, Full City Roast","3","10.45","1","8/22/2008 6:54:43 AM","x"
"1173","20080729","2234","C118-1","Ethiopia Yirgacheffe, Medium Roast","1","10.95","1","8/22/2008 6:54:43 AM","x"
"1173","20080729","2234","C139-1","East Timor, Dark Roast","1","10.95","1","8/22/2008 6:54:43 AM","x"
"1173","20080729","2234","C170-1","House Blend Decaf, Full City Roast","1","11.25","1","8/22/2008 6:54:43 AM","x"
"1174","20080729","2235","C179-5","Type A Espresso Blend, Dark Roast","1","46.95","5","8/22/2008 6:54:43 AM","x"
"1174","20080729","2236","C153-1","Mad Poet Blend, Dark Roast","1","10.95","1","8/22/2008 6:54:43 AM","x"
"1174","20080729","2236","C139-1","East Timor, Dark Roast","1","10.95","1","8/22/2008 6:54:43 AM","x"
"1174","20080729","2237","C153-1","Mad Poet Blend, Dark Roast","5","10.95","1","8/22/2008 6:54:43 AM","x"
"1174","20080729","2237","C170-1","House Blend Decaf, Full City Roast","3","11.25","1","8/22/2008 6:54:43 AM","x"
"1174","20080729","2238","C155-1","BRAG Brew, Full City Roast","1","10.95","1","8/22/2008 6:54:43 AM","x"
"1174","20080729","2239","C155-1","BRAG Brew, Full City Roast","1","10.95","1","8/22/2008 6:54:43 AM","x"
"1175","20080730","2240","C150-2","Justice Blend, Full City Roast","1","20.95","2","8/22/2008 6:54:43 AM","x"
"1175","20080730","2241","C136-2","Colombia, Dark Roast","1","20.95","2","8/22/2008 6:54:43 AM","x"
"1175","20080730","2241","C139-2","East Timor, Dark Roast","1","20.95","2","8/22/2008 6:54:43 AM","x"
"1175","20080730","2241","C131-2","Nicaragua, Dark Roast","1","19.95","2","8/22/2008 6:54:43 AM","x"
"1175","20080730","2242","C124-5","Mexico Chiapas, Full City Roast","1","47.45","5","8/22/2008 6:54:43 AM","x"
"1175","20080730","2243","C129-5","Peru, Full City Roast","1","47.45","5","8/22/2008 6:54:43 AM","x"
"1175","20080730","2244","C127-1","Ethiopia Harrar, Full City Roast","1","10.95","1","8/22/2008 6:54:43 AM","x"
"1175","20080730","2244","C122-1","Guatemala, Full City Roast","1","10.45","1","8/22/2008 6:54:43 AM","x"
"1175","20080730","2244","C123-1","Sumatra, Full City Roast","1","10.95","1","8/22/2008 6:54:43 AM","x"
"1175","20080730","2244","C129-1","Peru, Full City Roast","1","10.45","1","8/22/2008 6:54:43 AM","x"
"1175","20080730","2244","C125-1","Ethiopia Sidamo, Full City Roast","1","10.95","1","8/22/2008 6:54:43 AM","x"
"1175","20080730","2245","C124-2","Mexico Chiapas, Full City Roast","2","19.95","2","8/22/2008 6:54:43 AM","x"
"1175","20080730","2245","C131-2","Nicaragua, Dark Roast","4","19.95","2","8/22/2008 6:54:43 AM","x"
"1175","20080731","2246","C122-1","Guatemala, Full City Roast","1","10.45","1","8/22/2008 6:54:43 AM","x"
"1175","20080731","2246","C124-1","Mexico Chiapas, Full City Roast","1","10.45","1","8/22/2008 6:54:43 AM","x"
"1175","20080731","2247","C136-2","Colombia, Dark Roast","1","20.95","2","8/22/2008 6:54:43 AM","x"
"1175","20080731","2247","C171-2","House Blend Decaf, Dark Roast","1","20.95","2","8/22/2008 6:54:43 AM","x"
"1176","20080731","2248","C116-1","Colombia, Medium Roast","1","10.45","1","8/22/2008 6:54:43 AM","x"
"1176","20080731","2248","C136-1","Colombia, Dark Roast","1","10.95","1","8/22/2008 6:54:43 AM","x"
"1176","20080731","2249","C116-5","Colombia, Medium Roast","1","47.45","5","8/22/2008 6:54:43 AM","x"
"1176","20080801","2251","C122-2","Guatemala, Full City Roast","1","19.95","2","8/22/2008 6:54:43 AM","x"
"1176","20080801","2251","C150-1","Justice Blend, Full City Roast","1","10.95","1","8/22/2008 6:54:43 AM","x"
"1176","20080801","2251","C123-1","Sumatra, Full City Roast","1","10.95","1","8/22/2008 6:54:43 AM","x"
"1176","20080801","2252","C127-1","Ethiopia Harrar, Full City Roast","2","10.95","1","8/22/2008 6:54:43 AM","x"
"1176","20080801","2252","C122-1","Guatemala, Full City Roast","2","10.45","1","8/22/2008 6:54:43 AM","x"
"1176","20080801","2252","C123-1","Sumatra, Full City Roast","2","10.95","1","8/22/2008 6:54:43 AM","x"
"1177","20080801","2254","C122-2","Guatemala, Full City Roast","1","19.95","2","8/22/2008 6:54:43 AM","x"
"1177","20080801","2254","C171-2","House Blend Decaf, Dark Roast","1","20.95","2","8/22/2008 6:54:43 AM","x"
"1177","20080801","2255","C157-2","Georgia River Network Blend, Full City Roast","1","20.95","2","8/22/2008 6:54:43 AM","x"
"1177","20080802","2256","C139-1","East Timor, Dark Roast","1","10.95","1","8/22/2008 6:54:43 AM","x"
"1177","20080802","2256","C127-1","Ethiopia Harrar, Full City Roast","1","10.95","1","8/22/2008 6:54:43 AM","x"
"1177","20080802","2256","C131-1","Nicaragua, Dark Roast","1","10.45","1","8/22/2008 6:54:43 AM","x"
"1177","20080802","2257","C139-2","East Timor, Dark Roast","1","20.95","2","8/22/2008 6:54:43 AM","x"
"1177","20080802","2257","C136-2","Colombia, Dark Roast","1","20.95","2","8/22/2008 6:54:43 AM","x"
"1177","20080802","2258","C124-1","Mexico Chiapas, Full City Roast","1","10.45","1","8/22/2008 6:54:43 AM","x"
"1177","20080802","2258","C118-1","Ethiopia Yirgacheffe, Medium Roast","1","10.95","1","8/22/2008 6:54:43 AM","x"
"1177","20080802","2258","C139-1","East Timor, Dark Roast","1","10.95","1","8/22/2008 6:54:43 AM","x"
